@misc{Harp,
   author = "Indiana University",
   title ="\url{https://dsc-spidal.github.io/harp}"
 }


 