% Encoding: UTF-8

@Misc{www-amazonml,
  author       = {{Amazon}},
  howpublished = {Web Page},
  month        = mar,
  note         = {Accessed: Mar 29,2019},
  title        = {Machine Learning},
  year         = {2019},
  url          = {https://aws.amazon.com/machine-learning/},
}

@Misc{www-googlecloudai,
  author       = {{Google}},
  howpublished = {Web Page},
  month        = mar,
  note         = {Accessed: Mar 29,2019},
  title        = {AI and ML products},
  year         = {2019},
  url          = {https://cloud.google.com/products/ai/},
}

@Misc{www-microsoftazureml,
  author       = {{Microsoft}},
  howpublished = {Web Page},
  month        = mar,
  note         = {Accessed: Mar 29,2019},
  title        = {Microsoft Azure Machine Learning Studio (classic)},
  year         = {2019},
  url          = {https://studio.azureml.net/},
}

@Misc{www-scikitlearnfe,
  author       = {{scikit-learn}},
  howpublished = {Web Page},
  month        = mar,
  note         = {Accessed: Mar 29,2019},
  title        = {6.2. Feature Extraction},
  year         = {2019},
  url          = {https://scikit-learn.org/stable/modules/feature_extraction.html},
}

@Comment{jabref-meta: databaseType:bibtex;}
