@Misc{www-aws-auroradb,
  author = {{AWS}},
  title = {Amazon Aurora â€“ Relational Database Built for the Cloud - AWS},
  howpublished = {Web Page},
  url = {https://aws.amazon.com/rds/aurora/}
}
