
@Misc{aws-documentdb,
  author = {{AWS}},
  title = {AWS Document DB â€“ Fully Managed Mongo DB compatible database service},
  howpublished = {Web Page},
  url = {https://aws.amazon.com/documentdb/}
}
