@Misc{www-aws-elasticbeanstalk,
  author = {{AWS}},
  title = {AWS Elastic Beanstalk â€“ Deploy Web Applications},
  howpublished = {Web Page},
  url = {https://aws.amazon.com/elasticbeanstalk/}
}
