% Encoding: UTF-8

@Misc{www-aws-auroradb,
  author       = {{AWS}},
  howpublished = {Web Page},
  title        = {Amazon Aurora},
  year         = 2019,
  url          = {https://aws.amazon.com/rds/aurora/}
}

@Misc{aws-documentdb,
  author       = {{AWS}},
  howpublished = {Web Page},
  month        = aug,
  title        = {AWS Document DB (with Mongo DB compatible)},
  year         = 2019,
  url          = {https://aws.amazon.com/documentdb/}
}

@Misc{www-aws-elasticbeanstalk,
  author       = {{AWS}},
  howpublished = {Web Page},
  month        = aug,
  title        = {AWS Elastic Beanstalk},
  year         = 2019,
  url          = {https://aws.amazon.com/elasticbeanstalk/}
}

@Misc{www-aws-emr,
  author       = {{AWS}},
  howpublished = {Web Page},
  month        = aug,
  title        = {Sign In},
  year         = 2019,
  url          = {https://us-east-2.console.aws.amazon.com/elasticmapreduce/home?region=us-east-2#}
}

@Comment{jabref-meta: databaseType:bibtex;}
