@Misc{www-google,
   author={{Google}},
   title={Google Home Page},
   howpublished={Web page},
   url={https://google.com}
}

@Misc{www-julialang,
   url={https://www.julialang.org}
}

@Misc{www-awscore,
   url={https://github.com/JuliaCloud/AWSCore.jl},
   url={https://juliacloud.github.io/AWSCore.jl/build/index.html}
}

@Misc{www-infoworld,
   url={https://www.infoworld.com/article/2616709/application-development/new-julia-language-seeks-to-be-the-c-for-scientists.html}
}

@Misc{www-wired,
   url={https://www.wired.com/2014/02/julia/}
}

@Misc{www-pycall,
   url={https://github.com/JuliaPy/PyCall.jl}
}	

@Book{getting-started,
   author={Balbaert, Ivo},
   title={Getting Started with Julia},
   howpublished={ePub},
   year={2015},
   url={http://ebookcentral.proquest.com/lib/iub-ebooks/detail.action?},
   docID=1973847}
}

@Book{www-epubs-siam,
   url={https://epubs-siam-org.proxyiub.uits.iu.edu/doi/pdf/10.1137/141000671},
   authors={Jeff Bezanson, Alan Edelman, Stefan Karpinski, and Viral Shah}
}

@Misc{@parallel-computing-julia,
   authors={Kulyabov, D. S., Gevorkyan, M. N., Korolkova, A. V., & Sevastianov,
   L. A.},
   title={Support for parallel computing in Julia language},
   publication={CEUR Workshop Proceedings},
   year={1995},
   pages={93–99},
   url={http://proxyiub.uits.iu.edu/login?url=https://search.ebscohost.com/login
	.aspx?direct=true&db=edselc&AN=edselc.2-52.0-85037041637&site=eds-live&
	scope=site},
   howpublished={report}
}

@Misc{visible-universe,
   authors={Regier, J., Lam, M., Fischer, K.,Pamnany, K., Noack, A.,
   Revels, J., Prabhat},
   title={Cataloging the visible universe through Bayesian inference in
   Julia at petascale},
   publication={Journal of Parallel and Distributed Computing},
   issue={127},
   pages={89–104},
   url={https://doi-org.proxyiub.uits.iu.edu/10.1016/j.jpdc.2018.12.008}
}

@Misc{fresh-approach,
   authors={Jeff Bezanson, Alan Edelman, Stefan Karpinski, and Viral Shah},
   title={Julia: A Fresh Approach to Numerical Computing},
   publication={SIAM Review},
   volume={59},
   number={1},
   pages={65-98},
   year={2017}
}
   
@Misc{military-biomedical,
   authors={Frank J. Lebeda, PhD; Jeffrey J. Zalatoris, PhD; Julia B. Scheerer,
   PhD},
   publication={Military Medicine},
   volume={183},
   year={2018}
}

@Misc{www-javacall,
   url={http://juliainterop.github.io/JavaCall.jl}
}

@Misc{spark-jl,
   url={https://github.com/dfdx/Spark.jl}
}

@Misc{elly-jl,
   url={https://github.com/JuliaParallel/Elly.jl}
}
