@article{article_key,
  address =	 {City},
  publisher =	 {Publisher},
  author =	 {Smith, James},
  title =	 {Article title},
  year =	 2013,
  volume =	 14,
  number =	 6,
  pages =	 {1--8},
  month =	 mar
}

@book{book_key,
  address =	 {City},
  publisher =	 {Publisher},
  author =	 {Smith, John},
  title =	 {Book title},
  year =	 2012,
  volume =	 3,
  series =	 2,
  edition =	 1,
  pages =	 {123--200},
  month =	 jan
}

@Misc{www-iu-plagiarism,
  author =	 {{Indiana University}},
  title =	 {University Policies: Cheating and Plagiarism,
                  ACA-72},
  howpublished = {Web Page},
  year =	 1961,
  note =	 {updates 1975},
  url =
                  {https://policies.iu.edu/policies/aca-72-cheating-plagiarism/index.html}
}

@Misc{www-overleaf,
  title =	 {Homepage},
  author =	 {Overleaf},
  month =	 aug,
  year =	 2019,
  url =		 {https://www.overleaf.com}
}

@Misc{www-plagiarism-pattern,
  title =	 {How to Recognize Plagiarism - Examples: Patterns of
                  Plagiarism},
  author =	 {{School of Education, Indiana University}},
  howpublished = {Web Page},
  month =	 aug,
  year =	 2019,
  url =		 {https://www.sharelatex.com}
}

@Misc{www-sharelatex,
  title =	 {Homepage},
  author =	 {ShareLaTex},
  month =	 aug,
  year =	 2019,
  url =		 {https://www.sharelatex.com}
}
