% Encoding: UTF-8
@Misc{arduino2015,
  author =	 {Arduino},
  title =	 {Arduino Software (IDE)},
  year =	 2015,
  keywords =	 {Arduino},
  url =		 {https://www.arduino.cc/en/Guide/Environment},
}

@Misc{boris2014,
  author =	 {Boris Landoni},
  title =	 {Raspberry Pi and the Camera Pi module: face
                  recognition tutorial},
  howpublished = {Web Page},
  month =	 oct,
  year =	 2014,
  url =
                  {https://www.open-electronics.org/raspberry-pi-and-the-camera-pi-module-face-recognition-tutorial/},
}

@Article{riddhi2013,
  author  = {Patel, Riddhi, Yagnik, Shruti B.},
  journal = {International Journal of Computer Trends and Technology},
  title   = {A Literature Survey on Face Recognition Techniques},
  year    = {2013},
  month   = nov,
  pages   = {189},
  volume  = {5},
}

@Article{divya2013,
  author  = {N. Parmar, Divyarajsinh and Mehta, Brijesh B.},
  journal = {Int.J.Computer Technology \& Applications},
  title   = {Face Recognition Methods \& Applications},
  year    = {2013},
  issn    = {2229-6093},
  pages   = {84-86},
  volume  = {4},
  url     = {https://arxiv.org/ftp/arxiv/papers/1403/1403.0485.pdf},
}

@Misc{jesse2017,
  author       = {West, Jesse Davis},
  howpublished = {Web Page},
  month        = may,
  title        = {FACE DETECTION VS. FACE RECOGNITION},
  year         = {2017},
  url          = {https://www.facefirst.com/blog/face-detection-vs-face-recognition/},
}

@Misc{opencv,
  author       = {{OpenCV}},
  howpublished = {Web Page},
  title        = {About},
  year         = {2017},
  url          = {https://opencv.org/about.html},
}

@Misc{deligence2017,
  author       = {{Deligence Technologies}},
  howpublished = {Web Page},
  month        = sep,
  title        = {MQTT to Connect Raspberry Pi to Internet of Things},
  year         = {2017},
  url          = {https://hackaday.io/project/27344-mqtt-to-connect-raspberry-pi-to-internet-of-things},
}

@Misc{gregor2017,
  author       = {Laszewski, Gregor von},
  howpublished = {Code Repository},
  month        = sep,
  title        = {ESP8266},
  year         = {2017},
  url          = {https://cloudmesh.github.io/classes/lesson/iot/esp8266/esp8266.html},
}

@INPROCEEDINGS{viola2001,
  author =	 {P. {Viola} and M. {Jones}},
  booktitle =	 {Proceedings of the 2001 IEEE Computer Society
                  Conference on Computer Vision and Pattern
                  Recognition. CVPR 2001},
  title =	 {Rapid object detection using a boosted cascade of
                  simple features},
  year =	 2001,
  volume =	 1,
  publisher =	 {IEEE},
  address =	 {Kauai, HI, USA, USA},
  note =	 {Pages: I-511-I-518 vol.1},
  doi =		 {10.1109/CVPR.2001.990517},
  month =	 dec,
  url =
                  {http://http://ieeexplore.ieee.org/abstract/document/990517},
}

@Comment{jabref-meta: databaseType:bibtex;}
