% Encoding: UTF-8

@Manual{CF2018,
  title       = {Cloud Foundry Overview},
  author      = {{Cloud Foundry}},
  year        = {2018},
  institution = {Cloud Foundry},
  url         = {https://docs.cloudfoundry.org/concepts/overview.html},
}

@Manual{piv2018,
  title        = {Cloud Foundry Overview},
  author       = {{Pivotal Cloud Foundry}},
  year         = {2018},
  howpublished = {Web Page},
  institution  = {Pivotal Cloud Foundry},
  url          = {https://docs.pivotal.io/pivotalcf/2-2/concepts/overview.html},
}

@Manual{cialisalto,
  title  = {Stunning Cloud Foundry Architecture On Throughout Platform Offers Organizations Open PaaS 3},
  author = {{cialisalto}},
  month  = aug,
  year   = {2019},
}

@Misc{JinHoJo2013,
  author       = {{Jo, Jin Ho}},
  howpublished = {Web Page},
  month        = jul,
  title        = {An Introduction to Cloud Foundry},
  year         = {2013},
  url          = {https://info.obsglobal.com/blog/2013/07/an-introduction-to-cloud-foundry},
}

@Misc{Nimalsiri2016,
  author       = {Nimalsiri, Nanduni},
  howpublished = {Web Page},
  month        = jan,
  title        = {Introduction to Cloud Foundry},
  year         = {2016},
  url          = {http://nanduni.blogspot.com/2016/01/introduction-to-cloud-foundry.html},
}

@Misc{Harris2011,
  author       = {Harris, Derrick},
  howpublished = {Web Page},
  month        = aug,
  title        = {VMware puts Cloud Foundry on laptops},
  year         = {2011},
  url          = {https://gigaom.com/2011/08/24/vmware-puts-cloud-foundry-on-laptops/},
}

@Misc{cialisalto2018,
  author       = {{cialisalto}},
  howpublished = {Web Page},
  title        = {Magnificent Cloud Foundry Architecture},
  year         = {2018},
  url          = {http://cialisalto.com/magnificent-cloud-foundry-architecture/},
}

@Manual{azure2018,
  title       = {Cloud Foundry on Azure},
  author      = {{Microsoft Azure Team}},
  year        = {2018},
  institution = {Microsoft},
  url         = {https://docs.microsoft.com/en-us/azure/cloudfoundry/},
}

@Manual{aws2018,
  title       = {Pivotal Cloud Foundry on AWS},
  author      = {{AWS}},
  year        = {2018},
  institution = {Amazon},
  url         = {https://aws.amazon.com/quickstart/architecture/pivotal-cloud-foundry/},
}

@Misc{Badola2015,
  author       = {Badola, Vineet},
  howpublished = {Web Page},
  month        = sep,
  title        = {What is Cloud Foundry? Key benefits and a real use case},
  year         = {2015},
  url          = {https://cloudacademy.com/blog/cloud-foundry-benefits/},
}

@Misc{fortune-500,
  author       = {{Cloud Foundry}},
  howpublished = {Web Page},
  title        = {Case Studies},
  year         = {2018},
  url          = {https://www.cloudfoundry.org/case-studies/},
}

@Misc{twelve-factor-app,
  author       = {Bloom, Adam},
  howpublished = {Web Page},
  month        = jun,
  title        = {Beyond the Twelve-Factor App},
  year         = {2016},
  url          = {https://content.pivotal.io/blog/beyond-the-twelve-factor-app},
}

@Comment{jabref-meta: databaseType:bibtex;}
