% Encoding: UTF-8

@Misc{AmazonRedShift001:online,
  author       = {{Amazon}},
  howpublished = {Web Page},
  month        = jun,
  note         = {(Accessed on 01/24/2019)},
  title        = {System and architecture overview},
  year         = 2019,
  url          = {https://docs.aws.amazon.com/redshift/latest/dg/c_redshift_system_overview.html}
}

@Misc{AmazonRedShift002:online,
  author       = {{Amazon}},
  howpublished = {Web Page},
  month        = jan,
  note         = {(Accessed on 01/24/2019)},
  title        = {Data warehouse system architecture},
  year         = 2019,
  url          = {https://docs.aws.amazon.com/redshift/latest/dg/c_high_level_system_architecture.html}
}

@misc{TerraformRedShift001:online,
  author       =	 {Ocenas, Andrej},
  title        =	 {Kinesis Firehose to Redshift pipeline with Terraform},
  howpublished = {Web Page},
  month        =	 jun,
  year         =	 2018,
  note         =	 {(Accessed on 01/24/2019)},
  url          =
                  {https://medium.com/@aoc/kinesis-firehose-to-redshift-pipeline-with-terraform-2261b5afd29d}
}

@Misc{TerraformRedShift002:online,
  author       = {{Babenko, Anton and Quentin, Rousseau and others}},
  howpublished = {Web Page},
  month        = sep,
  note         = {(Accessed on 01/24/2019)},
  title        = {terraform-aws-redshift/main.tf at master · terraform-aws-modules/terraform-aws-redshift},
  year         = 2018,
  url          = {https://github.com/terraform-aws-modules/terraform-aws-redshift/blob/master/examples/complete/main.tf}
}

@misc{SQLClientSQLWorkb19:online,
  author =	 {Kellerer, Thomas},
  title =	 {SQL Workbench/J -  Home},
  howpublished = {Web Page},
  month =	 dec,
  year =	 2018,
  note =	 {(Accessed on 01/24/2019)},
  url =		 {https://www.sql-workbench.eu/}
}

@Misc{SQLClientSQuirreL1:online,
  author       = {Bell, Colin and Wagner, Gerd},
  howpublished = {Web Page},
  month        = dec,
  note         = {(Accessed on 01/24/2019)},
  title        = {Universal SQL Client Version 4.1.0},
  year         = 2018,
  url          = {http://squirrel-sql.sourceforge.net/}
}

@Misc{www-beautifulsoup,
  author       = {Richardson, Leonard},
  howpublished = {Web Page},
  month        = mar,
  note         = {(Accessed: Mar 30,2019)},
  title        = {Beautiful Soup Documentation},
  year         = 2019,
  url          = {https://www.crummy.com/software/BeautifulSoup/bs4/doc/}
}

@Comment{jabref-meta: databaseType:bibtex;}
