% Encoding: UTF-8

@Misc{www-tata12,
  author       = {Tata, Samir},
  howpublished = {Presentation},
  month        = nov,
  title        = {Cloud Platforms: Concepts, Definitions, Architectures and Open Issues},
  year         = 2013,
  url          = {http://www.lifl.fr/iwaise12/presentations/tata.pdf}
}

@article{wwwvaria2010architecting,
  title =	 {Architecting for the cloud: Best practices},
  author =	 {Varia, Jinesh},
  journal =	 {Amazon Web Services},
  volume =	 1,
  pages =	 {1--21},
  year =	 2010
}

@Misc{wwwsun09,
  author       = {{Sun Microsystems, Inc.}},
  howpublished = {Presentation},
  month        = jun,
  title        = {Introduction to Cloud Computing Architecture},
  year         = 2009,
  url          = {http://staff.polito.it/alessandro.mantelero/cloud_computing/Sun_Wp2009.pdf}
}

@Misc{wwwkaefer10,
  author       = {Kaefer, Gerald},
  howpublished = {Presentation},
  month        = may,
  title        = {Cloud Computing Architecture},
  year         = 2010,
  url          = {https://resources.sei.cmu.edu/asset_files/Presentation/2010_017_001_23337.pdf}
}

@Misc{wwwoctave12,
  author       = {Orgeron, Octave},
  howpublished = {Presentation},
  title        = {Top 10 List for Success in the Cloud},
  year         = 2012,
  organization = {Oracle Corporation},
  url          = {https://www.oracle.com/technetwork/articles/entarch/orgeron-top-10-cloud-1957407.pdf}
}

@Misc{wwworacle09,
  author       = {Anbarasu, Anbu Krishnaswamy},
  howpublished = {Presentation},
  month        = nov,
  title        = {Cloud Reference Architecture},
  year         = 2012,
  organization = {Oracle Corporation},
  url          = {https://www.oracle.com/technetwork/topics/entarch/oracle-wp-cloud-ref-arch-1883533.pdf}
}

@Misc{wwwcloudcomputing,
  author       = {Zhang, Liang-Jie and Zhou, Qun},
  howpublished = {Presentation},
  title        = {Topic : Cloud Computing Architecture},
  url          = {https://pdfs.semanticscholar.org/cecd/c193b73ec1e7b42d132b3c340e6dd348d3f4.pdf}
}

@Comment{jabref-meta: databaseType:bibtex;}
