% Encoding: UTF-8

@Misc{aws-devops,
  author       = {{Amazon AWS}},
  howpublished = {Web Page},
  month        = feb,
  title        = {DevOps and AWS},
  year         = 2019,
  url          = {https://aws.amazon.com/devops/}
}

@Manual{azure-monitor,
  title       = {Azure Monitor Overview},
  author      = {{Microsoft Azure}},
  month       = sep,
  year        = 2018,
  institution = {Microsoft},
  url         = {https://docs.microsoft.com/en-us/azure/azure-monitor/overview}
}

@Misc{hid-sp18-523-puppetimages,
  author       = {{Edureka}},
  howpublished = {Web Page},
  month        = may,
  title        = {Puppet Tutorial â€“ DevOps Tool For Configuration Management},
  year         = 2017,
  url          = {https://www.edureka.co/blog/videos/puppet-tutorial/}
}

@Misc{hid-sp18-523-r10k,
  author       = {Hughes, Tim},
  howpublished = {Web Page},
  month        = jan,
  title        = {Puppet Master},
  year         = 2015,
  url          = {https://fullstack-puppet-docs.readthedocs.io/en/latest/puppet_master.html}
}

@Misc{hid-sp18-523-agent,
  author       = {Anicas, Mitchell},
  howpublished = {Web Page},
  month        = aug,
  title        = {How To Install Puppet To Manage Your Server Infrastructure},
  year         = 2014,
  url          = {https://www.digitalocean.com/community/tutorials/how-to-install-puppet-to-manage-your-server-infrastructure#install-puppet-agent}
}

@Misc{hid-sp18-523-config,
  author       = {{Puppet}},
  howpublished = {Web Page},
  month        = apr,
  title        = {Puppet.conf: The main config file},
  year         = 2014,
  url          = {https://puppet.com/docs/puppet/5.3/config_file_main.html}
}

@Misc{hid-sp18-523-split,
  author       = {{Puppet}},
  howpublished = {Web Page},
  month        = nov,
  title        = {Text-mode installation: Split},
  year         = 2017,
  url          = {https://puppet.com/docs/pe/2017.1/install_text_mode_split.html}
}

@Misc{hid-sp18-523-mono,
  author       = {{Puppet}},
  howpublished = {Web Page},
  month        = nov,
  title        = {Text mode installation: monolithic},
  year         = 2017,
  url          = {https://puppet.com/docs/pe/2017.1/install_text_mode_mono.html}
}

@Misc{hid-sp18-523-install,
  author       = {{Puppet}},
  howpublished = {Web Page},
  month        = nov,
  title        = {Installing Puppet Enterprise},
  year         = 2017,
  url          = {https://puppet.com/docs/pe/2017.3/installing_pe.html}
}

@Misc{TerraformIntro001:online,
  author       = {{HashiCorp}},
  howpublished = {Web Page},
  month        = nov,
  note         = {(Accessed on 01/24/2019)},
  title        = {Introduction to Terraform},
  year         = 2018,
  url          = {https://www.terraform.io/intro/index.html}
}

@Misc{TerraformDocs001:online,
  author       = {{HashiCorp}},
  howpublished = {Web Page},
  month        = jan,
  note         = {(Accessed on 01/24/2019)},
  title        = {Terraform Documentation},
  year         = 2019,
  url          = {https://www.terraform.io/docs/index.html}
}

@Misc{WikipediaInfraAsCode001:online,
  author       = {{Wikipedia}},
  howpublished = {Web Page},
  month        = mar,
  note         = {(Accessed on 01/24/2019)},
  title        = {Infrastructure as code},
  year         = 2018,
  url          = {https://en.wikipedia.org/wiki/Infrastructure_as_code}
}

@Book{awsinactionbook,
  author    = {Wittig, Andreas and Wittig, Michael},
  publisher = {Manning Press},
  title     = {Amazon Web Services in Action},
  year      = 2015,
  edition   = {1},
  isbn      = {9781617292880},
  month     = oct
}

@Book{terraformuprunningbook,
  author    = {Brikman, Yevgeniy},
  publisher = {O'Reilly Media Inc},
  title     = {Terraform: Up and Running},
  year      = 2017,
  edition   = {1},
  isbn      = {9781491977088},
  month     = mar
}

@Misc{WhatisIaC002:online,
  author       = {Guckenheimer, Sam and {}},
  howpublished = {Web Page},
  month        = apr,
  note         = {(Accessed on 01/24/2019)},
  title        = {What is Infrastructure as Code? - Azure DevOps | Microsoft Docs},
  year         = 2017,
  url          = {https://docs.microsoft.com/en-us/azure/devops/learn/what-is-infrastructure-as-code}
}

@Book{iacbook,
  author    = {Morris, Kief},
  publisher = {O'Reilly Media Inc},
  title     = {Infrastructure as Code},
  year      = 2015,
  edition   = {1},
  isbn      = {9781491924358},
  month     = sep
}

@Misc{TerraformDockerGist:online,
  author       = {Shumate, Brian},
  howpublished = {Web Page},
  month        = mar,
  note         = {(Accessed on 01/24/2019)},
  title        = {The Simplest Terraform with Docker on macOS},
  year         = 2017,
  url          = {https://gist.github.com/brianshumate/09adf967c563731ca1b0c4d39f7bcdc2}
}

@Comment{jabref-meta: databaseType:bibtex;}
