@Misc{mattwatson2017,
    author = {Matt Watson},
    title = {What Is Function-as-a-Service? Serverless
 Architectures Are Here!},
    howpublished = {Web Page},
    month = may,
    year = 2017,
    url =
    {https://stackify.com/function-as-a-service-serverless-architecture/},
}

@Misc{wiki-serverless-computing,
    author = {{ Wikipedia }},
    title = {Serverless computing},
    howpublished = {Web Page},
    month = nov,
    year = 2018,
    url = {https://en.wikipedia.org/wiki/Serverless_computing},
}

@Misc{azure-serverless-computing,
    author = {{ Microsoft }},
    title = {Serverless computing},
    howpublished = {Web Page},
    month = nov,
    year = 2018,
    url =
    {https://azure.microsoft.com/en-us/overview/serverless-computing/},
}

@Misc{aws-amazon-serverless,
    author = {{ Amazon Web Services }},
    title = {Serverless Computing and Applications},
    howpublished = {Web Page},
    month = nov,
    year = 2018,
    url = {https://aws.amazon.com/serverless/},
}

@Misc{aws-amazon-lambda,
    author = {{ Amazon Web Services }},
    title = {AWS Lambda},
    howpublished = {Web Page},
    month = nov,
    year = 2018,
    url = {https://aws.amazon.com/lambda/},
}

@Misc{ibm-cloud-functions,
    author = {{ IBM Inc }},
    title = {IBM Cloud Functions},
    howpublished = {Web Page},
    url = {https://cloud.ibm.com/functions/},
}

@Misc{infoworld-cloud-serverless-computing,
    author = {Eric Knorr},
    title = {What serverless computing really means},
    howpublished = {Web Page},
    month = jul,
    year = 2016,
    url =
    {https://www.infoworld.com/article/3093508/cloud-computing/what-serverless-computing-really-means.html},
}

@Misc{techbeancon-aws-serverless,
    author = {Bernard Golden},
    title = {Serverless computing: 5 things to know about the
 post-container world},
    howpublished = {Web Page},
    month = nov,
    year = 2018,
    url =
    {https://techbeacon.com/aws-lambda-serverless-apps-5-things-you-need-know-about-serverless-computing},
}

@Misc{alex2017faas,
    author = {Alex Ellis},
    title = {Introducing Functions as a Service (OpenFaaS)},
    howpublished = {Web Page},
    month = aug,
    year = 2017,
    url =
    {https://blog.alexellis.io/introducing-functions-as-a-service/},
}

@Misc{aws-amazon-lambda-supported,
    author = {{ Amazon Web Services }},
    title = {Supported Event Sources},
    howpublished = {Web Page},
    month = nov,
    year = 2018,
}

@Misc{aws-amazon-limits,
    author = {{ Amazon Web Services }},
    title = {AWS Lambda Limits},
    howpublished = {Web Page},
    month = nov,
    year = 2018,
    url =
    {https://docs.aws.amazon.com/lambda/latest/dg/limits.html},
}

@Misc{google_cloud_functions,
	title =	 {Google Cloud Functions },
	author =	 {Gooogle Inc},
	url =	 {https://cloud.google.com/functions},
	howpublished = {Web Page},
}

@Misc{iron_io,
	title =	 {Iron IO },
	author =	 {Iron IO},
	url =	 {https://www.iron.io},
	howpublished = {Web Page},
}

@Misc{webtask_io,
	title =	 {Webtask IO },
	author =	 {Webtask IO},
	url =	 {https://webtask.io},
	howpublished = {Web Page},
}

@Misc{openwhisk,
	title =	 {OpenWhisk },
	author =	 {OpenWhisk},
	url =	 {https://github.com/apache/incubator-openwhisk},
	howpublished = {Web Page},
}



@Misc{funktion,
	title =	 {Funktion },
	author =	 {Funktion },
	url =	 {https://github.com/funktionio/funktion},
	howpublished = {Web Page},
}

@Misc{iron_functions,
	title =	 {Iron Functions },
	author =	 {Iron Functions },
	url =	 {https://github.com/iron-io/functions},
	howpublished = {Web Page},
}

@Misc{kubeless,
	title =	 { Kubeless },
	author =	 { Kubeless },
	url =	 {https://github.com/kubeless/kubeless},
	howpublished = {Web Page},
}

@Misc{fission,
	title =	 {Fission },
	author =	 {Fission },
	url =	 {https://github.com/fission/fission},
	howpublished = {Web Page},
}

@Misc{faas-netes,
	title =	 {FaaS-netes },
	author =	 {FaaS-netes },
	url =	 {https://github.com/alexellis/faas-netes},
	howpublished = {Web Page},
}

@Misc{function_as_a_service,
	title =	 {Function as a Service },
	author =	 {Stackify},
	url =	 {https://stackify.com/function-as-a-service-serverless-architecture},
	howpublished = {Web Page},
}

@Misc{serverless_computing,
	title =	 {Serverless Computing },
	author =	 {Wikipedia},
	url =	 {https://en.wikipedia.org/wiki/Serverless_computing},
	howpublished = {Web Page},
}

@Misc{azure_serverless_computing,
	title =	 {Azure Serverless Computing },
	author =	 {Microsoft Inc},
	url =	 {https://en.wikipedia.org/wiki/Serverless_computing},
	howpublished = {Web Page},
}

@Misc{nginx,
	title =	 {Nginx },
	author =	 {Nginx },
	url =	 {https://www.nginx.com/},
	howpublished = {Web Page},
}

@Misc{docker,
	title =	 {Docker },
	author =	 {Docker },
	url =	 {https://www.docker.com/},
	howpublished = {Web Page},
}

@Misc{apache_couchdb,
	title =	 {Apache CouchDB },
	author =	 {Apache CouchDB },
	url =	 {https://couchdb.apache.org/},
	howpublished = {Web Page},
}

@Misc{openwhisk_cli,
	title =	 {OpenWhisk CLI },
	author =	 {OpenWhisk},
	url =	 {https://github.com/apache/incubator-openwhisk-cli},
	howpublished = {Web Page},
}

@Misc{openfass,
	title =	 {OpenFass },
	author =	 {Open Faas},
	url =	 {https://github.com/apache/incubator-openwhisk-cli},
	howpublished = {Web Page},
}

@Misc{open_lambda,
	title =	 {Open Lambda },
	author =	 {Open Lambda},
	url =	 {https://github.com/open-lambda/open-lambda},
	howpublished = {Web Page},
}

@inproceedings{hendrickson2016serverless,
  title={Serverless computation with openlambda},
  author={Hendrickson, Scott and Sturdevant, Stephen and Harter, Tyler and Venkataramani, Venkateshwaran and Arpaci-Dusseau, Andrea C and Arpaci-Dusseau, Remzi H},
  booktitle={8th $\{$USENIX$\}$ Workshop on Hot Topics in Cloud Computing (HotCloud 16)},
  year={2016}
}