% Encoding: UTF-8

@Misc{www-go,
  author       = {{Go}},
  howpublished = {Web Page},
  month        = sep,
  title        = {The Go Programming Language},
  year         = 2018,
  url          = {https://golang.org/}
}

@Book{csp,
  author    = {Hoare, C. A. R.},
  publisher = {Electronit version of Prentice Hall International},
  title     = {Communicating Sequential Processes},
  year      = 1985,
  url       = {http://www.usingcsp.com/cspbook.pdf}
}

@Book{intro-occam,
  author    = {Hyde, Daniel C.},
  publisher = {Bucknell University},
  title     = {Introduction to the Programming Language Occam},
  year      = 1995,
  url       = {http://www.cs.otago.ac.nz/cosc441/occam.pdf}
}

@Book{tutorial-occam,
  author    = {Pountain, Dick and May, David},
  publisher = {McGraw-Hill, Inc.},
  title     = {A Tutorial Introduction to Occam Programming},
  year      = 1987,
  address   = {New York, NY, USA},
  isbn      = {0-07-050606-X},
  url       = {http://www.transputer.net/obooks/72-occ-046-00/tuinocc.pdf}
}

@Misc{www-go-lang,
  author       = {{} and {Golang}},
  howpublished = {Web Page},
  month        = sep,
  title        = {The Go Programming Language},
  year         = 2018,
  url          = {https://golang.org/doc/}
}

@Misc{tiobe,
  author       = {{Tiobe}},
  howpublished = {Web Page},
  month        = sep,
  title        = {TIOBE Index},
  year         = 2018,
  url          = {https://www.tiobe.com/tiobe-index/}
}

@Misc{go-seguin,
  author       = {Seguin, Karl},
  howpublished = {Web Page},
  month        = jan,
  title        = {The Little Go Book},
  year         = 2018,
  url          = {https://github.com/karlseguin/the-little-go-book}
}

@Misc{go-langbot,
  author =	 {{golangbot.com}},
  title =	 {Golang Tutorial Series},
  howpublished = {Web Page},
  month =	 sep,
  year =	 2018,
  url =		 {https://golangbot.com/learn-golang-series/}
}

@Misc{go-yourbasic,
  author       = {{yourbasic.org}},
  howpublished = {Web Page},
  month        = sep,
  title        = {Algorithms to Go},
  year         = 2018,
  url          = {https://yourbasic.org/}
}

@Misc{go-McGranaghan,
  author       = {McGranaghan, Mark},
  howpublished = {Web Page},
  month        = oct,
  title        = {Go by Example},
  year         = 2018,
  url          = {https://gobyexample.com}
}

@Misc{go-lang-cheat-sheet,
  author       = {Mashraki, Ariel},
  howpublished = {Web Page},
  month        = sep,
  title        = {Go Cheat Sheet},
  year         = 2015,
  url          = {https://github.com/a8m/go-lang-cheat-sheet/blob/master/golang_refcard.pdf}
}

@Misc{learn-go-in-y-minutes,
  author       = {Keys, Sonia},
  howpublished = {Web Page},
  month        = sep,
  title        = {Learn Go in Y Minutes},
  year         = 2013,
  url          = {https://learnxinyminutes.com/docs/go/}
}

@Misc{workshop-go,
  author       = {Schier, Gregory},
  howpublished = {Web Page},
  month        = oct,
  title        = {Sendwithus Go Workshop},
  year         = 2015,
  url          = {https://github.com/sendwithus/workshop-go}
}

@Misc{go-fragments,
  author       = {Chomsky, Avram Noam},
  howpublished = {Web Page},
  month        = mar,
  title        = {Go Fragments: a collection of annotated Go programs examples},
  year         = 2013,
  url          = {http://www.gofragments.net/}
}

@Misc{50-shades-go,
  author       = {Quest, Kyle},
  howpublished = {Web Page},
  month        = jan,
  title        = {50 Shades of Go: Traps, Gotchas, Common Mistakes for New Golang Devs},
  year         = 2018,
  url          = {http://devs.cloudimmunity.com/gotchas-and-common-mistakes-in-go-golang/}
}

@Misc{golang-tutorials,
  author       = {VJ, Sathish},
  howpublished = {Web Page},
  month        = may,
  title        = {GoLang Tutorials},
  year         = 2011,
  url          = {http://golangtutorials.blogspot.com/2011/05/table-of-contents.html}
}

@Misc{go-bridgefoundry,
  author       = {Zazueta-Hall, Ilen},
  howpublished = {Web Page},
  month        = jan,
  title        = {Building Bridges That Educate and Empower Underrepresented Communities},
  year         = 2015,
  url          = {https://golangbridge.org/}
}

@Misc{bridgefoundry,
  author       = {Zazueta-Hall, Ilen},
  howpublished = {Web Page},
  month        = jan,
  title        = {Building Bridges That Educate and Empower Underrepresented Communities},
  year         = 2013,
  url          = {https://bridgefoundry.org/}
}

@Misc{go-lang-tutorials,
  author       = {Many},
  howpublished = {Web Page},
  month        = jan,
  title        = {Go Language Tutorials},
  year         = 2018,
  url          = {https://www.cybrhome.com/topic/go-language-tutorials}
}

@Comment{jabref-meta: databaseType:bibtex;}
