@Misc{www-google,
  author =	 {{Google}},
  title =	 {Google},
  howpublished = {Web Page},
  year =	 2019,
  note =	 {Accessed: Mar 23,2019},
  url =		 {https://cloud.google.com},
}
