% Encoding: UTF-8

@Misc{wiki-nih-cip-survey,
  author       = {Freymann, John (NIH/NCI) [C]},
  howpublished = {Web Page},
  month        = oct,
  title        = {CIP Survey of Biomedical Imaging Archives},
  year         = 2016,
  url          = {https://wiki.nci.nih.gov/display/CIP/CIP+Survey+of+Biomedical+Imaging+Archives}
}

@Article{fox2011does,
  author  = {Fox, Geoffrey and Hey, Tony and Trefethen, Anne},
  journal = {Data-Intensive Science. Chapman and Hall/CRC},
  title   = {Where does all the data come from},
  year    = 2011,
  pages   = {15--51},
  url     = {http://grids.ucs.indiana.edu/ptliupages/publications/Where%20does%20all%20the%20data%20come%20from%20v7.pdf}
}

@Misc{smarr13self,
  author       = {Ramirez, Ernesto},
  howpublished = {Web Page},
  month        = feb,
  note         = {Accessed 10/20/2018},
  title        = {Larry Smarr Archives - Quantified Self},
  year         = 2013,
  url          = {http://quantifiedself.com/larry-smarr/}
}

@Misc{www-ebi-aboutus,
  author       = {European Bioinformatics Institute},
  howpublished = {Web Page},
  note         = {Accessed 10/20/2018},
  title        = {About us},
  year         = 2018,
  url          = {https://www.ebi.ac.uk/about}
}

@Misc{meeker2017internet,
  author       = {Meeker, Mary},
  howpublished = {Presentation},
  title        = {Internet Trends Report 2018},
  year         = 2018,
  editor       = {KLEINER PERKINS},
  url          = {https://www.kleinerperkins.com/files/INTERNET_TRENDS_REPORT_2018.pdf}
}

@Misc{www-slideshare-wearable-quantified-self,
  author       = {Tucker, Steven},
  howpublished = {Web Page},
  month        = feb,
  title        = {Wearable Health, Fitness Trackers, and the Quantified Self},
  year         = 2014,
  url          = {https://www.slideshare.net/drsteventucker/wearable-health-fitness-trackers-and-the-quantified-self}
}

@Conference{archive--big-data-analytics-healthcare,
  author    = {Sun, Jimeng and Reddy, Chandan K.},
  booktitle = {SIAM international conference},
  title     = {bia data analytics for healthcare},
  year      = 2013,
  editor    = {SIAM},
  url       = {https://archive.siam.org/meetings/sdm13/sun.pdf}
}

@Misc{www-wiki-calico,
  author       = {{Wikipedia}},
  howpublished = {Web Page},
  month        = sep,
  title        = {calico(company)},
  year         = 2018,
  url          = {https://en.wikipedia.org/wiki/Calico_%28company%29}
}

@Misc{www-slideshare-2015-health-trends,
  author       = {{GSW}},
  howpublished = {Web Page},
  month        = nov,
  title        = {2015 health trends},
  year         = 2014,
  comment      = {ERROR},
  url          = {https://www.slideshare.net/GSW_Worldwide/2015-health-trends}
}

@Misc{www-accenture-insight-industrial-internet,
  author       = {{accenture}},
  howpublished = {Web Page},
  title        = {Winning with the indusrial internet of things},
  year         = 2018,
  url          = {https://www.accenture.com/us-en/insight-industrial-internet-of-things}
}

@Misc{www-slideshare-big-medical-data-medicine,
  author       = {Schapranow, Matthieu},
  howpublished = {Web Page},
  month        = sep,
  title        = {How Real-time Analysis turns Big Medical Data into Precision Medicine},
  year         = 2014,
  comment      = {ERROR},
  url          = {https://www.slideshare.net/schappy/how-realtime-analysis-turns-big-medical-data-into-precision-medicine}
}

@Misc{medcitynews-bytes-medical-images,
  author       = {Pogorelc, Deanna},
  howpublished = {Web Page},
  month        = mar,
  title        = {The body in bytes: Medical images as a source of healthcare big data (infographic)},
  year         = 2013,
  url          = {https://medcitynews.com/2013/03/the-body-in-bytes-medical-images-as-a-source-of-healthcare-big-data-infographic/}
}

@Article{groves2013big,
  author  = {Groves, Peter and Kayyali, Basel and Knott, David and Van Kuiken, Steve},
  journal = {McKinsey Quarterly},
  title   = {The big data revolution in healthcare},
  year    = 2013,
  number  = {3},
  volume  = {2}
}

@Misc{debategraph-poster,
  author       = {{debategraph}},
  howpublished = {Web Page},
  month        = jun,
  title        = {RWJF Symposium â€“ June 2012},
  year         = 2012,
  comment      = {ERROR},
  url          = {https://debategraph.org/Poster.aspx?aID=77}
}

@Misc{www-salsahpc-millionseq,
  author       = {{Indiana university Bloomington}},
  howpublished = {Web Page},
  title        = {Million Sequence Clustering},
  year         = 2008,
  url          = {http://salsahpc.indiana.edu/millionseq/mina/16SrRNA_index.html}
}

@Article{pohlheim2010geatbx,
  author  = {Pohlheim, H},
  journal = {GEATbx Database Google Scholar},
  title   = {Geatbx: Example functions (single and multi-objective functions) 2 parametric optimization},
  year    = 2010
}

@Comment{jabref-meta: databaseType:bibtex;}
