% Encoding: UTF-8

@Misc{cloud-google,
  author       = {{Google}},
  howpublished = {Web Page},
  month        = aug,
  title        = {Products and Services},
  year         = 2019,
  url          = {https://cloud.google.com/products/}
}

@Misc{google-storage,
  author       = {{Google}},
  howpublished = {Web Page},
  month        = aug,
  title        = {Choosing a Storage Option},
  year         = 2019,
  url          = {https://cloud.google.com/storage-options/}
}

@Comment{jabref-meta: databaseType:bibtex;}
