% Encoding: UTF-8

@Misc{hot-cold-containment,
  author       = {Normandeau, Kevin},
  howpublished = {Web Page},
  month        = nov,
  title        = {Approaches to Data Center Containment},
  year         = 2012,
  url          = {https://www.joepowell.com/4-steps-to-better-data-center-cooling/}
}

@Misc{hot-cold-isle,
  author       = {{Powell, Joe and Associates}},
  howpublished = {Web Page},
  month        = jan,
  title        = {4 Steps to Better Data Center Cooling},
  year         = 2019,
  url          = {https://www.joepowell.com/4-steps-to-better-data-center-cooling/}
}

@InProceedings{las-impact,
  author    = {Wang, Fugang and von Laszewski, Gregor and Fox, Geoffrey C. and Furlani, Thomas R. and DeLeon, Robert L. and Gallo, Steven M.},
  booktitle = {Proceedings of the 2014 Annual Conference on Extreme Science and Engineering Discovery Environment},
  title     = {Towards a Scientific Impact Measuring Framework for Large Computing Facilities - a Case Study on XSEDE},
  year      = 2014,
  address   = {New York, NY, USA},
  pages     = {25:1--25:8},
  publisher = {ACM},
  series    = {XSEDE '14},
  articleno = {25},
  doi       = {10.1145/2616498.2616507},
  isbn      = {978-1-4503-2893-7},
  keywords  = {Scientific impact, Technology Audit Service, XDMoD, XSEDE, bibliometric, h-index},
  location  = {Atlanta, GA, USA},
  url       = {http://cgl.soic.indiana.edu/publications/Metrics2014.pdf}
}

@InProceedings{las-xdmod,
  author    = {Furlani, Thomas R. and Schneider, Barry L. and Jones, Matthew D. and Towns, John and Hart, David L. and Gallo, Steven M. and DeLeon, Robert L. and Lu, Charng-Da and Ghadersohi, Amin and Gentner, Ryan J. and Patra, Abani K. and von Laszewski, Gregor and Wang, Fugang and Palmer, Jeffrey T. and Simakov, Nikolay},
  booktitle = {Proceedings of the Conference on Extreme Science and Engineering Discovery Environment: Gateway to Discovery},
  title     = {Using XDMoD to Facilitate XSEDE Operations, Planning and Analysis},
  year      = 2013,
  address   = {New York, NY, USA},
  pages     = {46:1--46:8},
  publisher = {ACM},
  series    = {XSEDE '13},
  articleno = {46},
  doi       = {10.1145/2484762.2484763},
  isbn      = {978-1-4503-2170-9},
  keywords  = {CI performance metrics, HPC metrics, XDMoD, XSEDE, application kernels, technology audit service},
  location  = {San Diego, California, USA},
  url       = {http://doi.acm.org/10.1145/2484762.2484763}
}

@TechReport{lbl-energy-usage,
  author      = {Shehabi, Arman and Smith, Sarah and Sartor, Dale and Brown, Richard and Herrlin, Magnus and Koomey, Jonathan and Masanet, Eric and Horner, Nathaniel and Azevedo, Ines and Lintner, William},
  institution = {Lawrence Berkeley National Laboratory},
  title       = {United States Data Center Energy Usage Report},
  year        = 2016,
  month       = jun,
  number      = {DE-AC02-05CH1131, LBNL-1005775},
  type        = {Report},
  url         = {https://escholarship.org/uc/item/84p772fc}
}

@Misc{www-indiana-eia,
  author       = {{Indiana State}},
  howpublished = {Web Page},
  month        = apr,
  title        = {Indiana - State Energy Profile Overview - U.S. Energy Information},
  year         = 2018,
  url          = {https://www.eia.gov/state/?sid=IN}
}

@TechReport{schneider-footprint,
  author      = {Bouley, Dennis},
  institution = {Schneider Electric – Data Center Science Center},
  title       = {Estimating a Data Center’s Electrical Carbon Footprint},
  year        = 2011,
  note        = {Revision 0},
  number      = {66},
  type        = {Report},
  url         = {http://www.apc.com/salestools/DBOY-7EVHLH/DBOY-7EVHLH_R0_EN.pdf}
}

@Misc{twister-kmeans-perf,
  author       = {{Twister2}},
  howpublished = {Web Page},
  month        = jan,
  title        = {Kmeans Performance Comparison},
  year         = 2019,
  url          = {https://twister2.gitbook.io/twister2/}
}

@Misc{www-aws-datacenters,
  author       = {{Amazon}},
  howpublished = {Web Page},
  month        = jan,
  title        = {Amazon Data Centers},
  year         = 2019,
  url          = {https://aws.amazon.com/compliance/data-center/data-centers/}
}

@Misc{www-aws-infrastructure,
  author       = {{Amazon}},
  howpublished = {Web Page},
  month        = jan,
  title        = {AWS Global Infrastructure},
  year         = 2019,
  url          = {https://aws.amazon.com/about-aws/global-infrastructure/}
}

@Misc{www-azure-regions,
  author       = {{Microsoft}},
  howpublished = {Web Page},
  month        = jan,
  title        = {Azure Regions},
  year         = 2019,
  url          = {https://azure.microsoft.com/en-us/global-infrastructure/regions/}
}

@Misc{www-bigdata-36-month,
  author       = {{visibletechnologies.com}},
  howpublished = {Image},
  month        = mar,
  title        = {Big Data 36 Month},
  year         = 2012,
  url          = {https://blogs-images.forbes.com/christopherfrank/files/2012/03/VI_BigData_Graphic_v3_low.png}
}

@Misc{www-datacenter-staffing,
  author       = {Heslin, Kevin},
  howpublished = {Web Page},
  month        = mar,
  title        = {Proper Data Center Staffing is Key to Reliable Operations},
  year         = 2015,
  url          = {https://journal.uptimeinstitute.com/data-center-staffing/}
}

@Misc{www-fg-metrics,
  author       = {von Laszewski, Gregor},
  howpublished = {Web Page},
  month        = sep,
  title        = {FutureGrid Cloud Metrics},
  year         = 2014,
  url          = {http://archive.futuregrid.org/metrics/html/results/2014-Q3/reports/rst/india-All.html}
}

@Misc{www-google-eficiency,
  author       = {{Google}},
  howpublished = {Web Page},
  month        = jan,
  title        = {Efficiency: How we do it},
  year         = 2019,
  url          = {https://www.google.com/about/datacenters/efficiency/internal/}
}

@Misc{www-google-locations,
  author       = {{Google}},
  howpublished = {Web Page},
  month        = jan,
  title        = {Google Locations},
  year         = 2019,
  url          = {https://www.google.com/about/datacenters/inside/locations/index.html}
}

@Misc{www-image-data-never-sleeps-7,
  author       = {{domo.com}},
  howpublished = {Image},
  month        = jun,
  title        = {Data Never Sleeps 7.0},
  year         = 2019,
  url          = {https://www.domo.com/learn/data-never-sleeps-7}
}

@Misc{www-image-data-never-sleeps-6,
  author       = {{domo.com}},
  howpublished = {Image},
  month        = jun,
  title        = {Data Never Sleeps 6.0},
  year         = 2018,
  url          = {https://www.domo.com/blog/wp-content/uploads/2018/06/18-domo-data-never-sleeps-6.png}
}

@Misc{www-internet-minute-2017-2018,
  author       = {Lewis, Lori},
  howpublished = {Web Page},
  month        = apr,
  title        = {This is What happens in an internet minute},
  year         = 2018,
  url          = {https://www.allaccess.com/merge/archive/28030/2018-update-what-happens-in-an-internet-minute}
}

@Misc{www-internet-minute-2018-2019,
  author       = {Lewis, Lori},
  howpublished = {Web Page},
  month        = mar,
  title        = {This is What happens in an internet minute},
  year         = 2019,
  url          = {https://www.allaccess.com/merge/archive/29580/2019-this-is-what-happens-in-an-internet-minute}
}

@Comment{jabref-meta: databaseType:bibtex;}
