@Article{incomming-article,
  author =	 {Firstname Lastanme},
  title =	 {title},
  journal =	 {journal},
  year =	 2019,
  key =		 {optional},
  volume =	 {optional},
  number =	 {optional},
  pages =	 {optional},
  month =	 aug,
  note =	 {optional},
  annote =	 {optional},
  url =		 {optional}
}

@InBook{incomming-chapter,
  author =	 {firstname Lastname},
  booktitle =	 {book title},
  title =	 {chapter title},
  chapter =	 {chapter},
  publisher =	 {publisher},
  year =	 2019,
  key =		 {optional},
  volume =	 {optional},
  number =	 {optional},
  series =	 {optional},
  address =	 {optional},
  edition =	 {optional},
  month =	 aug,
  pages =	 {optional},
  note =	 {optional},
  annote =	 {optional},
  url =		 {optional}
}

@Misc{incomming-misc,
  key =		 {optional},
  author =	 {optional},
  title =	 {optional},
  howpublished = {optional},
  month =	 aug,
  year =	 2019,
  note =	 {optional},
  annote =	 {optional},
  url =		 {optional}
}

@InProceedings{incomming-conference-paper,
  author =	 {Firstname Lastname},
  title =	 {title},
  crossref =	 {optional},
  key =		 {optional},
  booktitle =	 {optional},
  year =	 2019,
  editor =	 {optional},
  volume =	 {optional},
  number =	 {optional},
  series =	 {optional},
  pages =	 {optional},
  month =	 aug,
  address =	 {optional},
  organization = {optional},
  publisher =	 {optional},
  note =	 {optional},
  annote =	 {optional},
  url =		 {optional}
}
