% Encoding: UTF-8

@Misc{elly-jl,
  author       = {Mohapatra, Tanmay},
  howpublished = {Code Repository},
  month        = jul,
  title        = {Hadoop HDFS and Yarn client: Elly.jl},
  year         = 2018,
  key          = {Elly},
  url          = {https://github.com/JuliaParallel/Elly.jl}
}

@Misc{docopt-jl,
  author       = {Sato, Kenta},
  howpublished = {Code Repository},
  month        = oct,
  title        = {Docopt: A command line argument parser for Julia},
  year         = 2018,
  key          = {Julia Docopt},
  url          = {https://github.com/docopt/DocOpt.jl}
}

@Article{julia-fresh-approach,
  author  = {Bezanson, J. and Edelman, A. and Karpinski, S. and Shah, V.},
  journal = {SIAM Review},
  title   = {Julia: A Fresh Approach to Numerical Computing},
  year    = 2017,
  number  = {1},
  pages   = {65-98},
  volume  = {59},
  doi     = {10.1137/141000671},
  eprint  = {https://doi.org/10.1137/141000671},
  url     = {https://doi.org/10.1137/141000671}
}

@Book{julia-getting-started,
  author    = {Balbaert, Ivo},
  publisher = {Packt Publishing - ebooks Account},
  title     = {Getting started with Julia Programming Language},
  year      = 2015,
  isbn      = {178328479X},
  month     = feb,
  url       = {https://www.xarg.org/ref/a/178328479X/}
}

@Misc{awscore-julia,
  author       = {O'Connor, Sam},
  howpublished = {Code Repository},
  month        = aug,
  title        = {Julia AWSCore: Amazon Web Services Core Functions and Types},
  year         = 2019,
  key          = {AWSCore},
  url          = {https://github.com/JuliaCloud/AWSCore.jl}
}

%
% BUG THIS IS THE WRONG URL, also if its a techreport you need to use techreport
%




@InProceedings{parallel-computing-julia,
  author =	 {Kulyabov, D. S. and Gevorkyan, M. N. and Korolkova,
                  A. V.and and Sevastianov, L. A.},
  title =	 {Support for parallel computing in Julia language},
  booktitle =	 {CEUR Workshop Proceedings},
  year =	 1995,
  pages =	 {93â€“99},
  editor = {TBD}
}

%    url =
%    {http://proxyiub.uits.iu.edu/login?url=https://search.ebscohost.com/login.aspx?direct=true&db=edselc&AN=edselc.2-52.0-85037041637&site=eds-live&scope=site},

@Misc{spark-jl,
  author       = {Zhabinski, Andrei},
  howpublished = {Code Repository},
  month        = nov,
  title        = {Spark.jl: Julia binding for Apache Spark},
  year         = 2018,
  key          = {Spark.jl},
  url          = {https://github.com/dfdx/Spark.jl}
}

@Misc{www-essenciary,
  author       = {Salceanu, Adrian},
  howpublished = {Code Repository},
  month        = sep,
  title        = {Genie: The highly productive Julia web framework},
  year         = 2019,
  key          = {Genie.jl},
  url          = {https://github.com/essenciary/Genie.jl}
}

@Misc{www-javacall,
  author       = {Sengupta, Avik},
  howpublished = {Code Repository},
  month        = jun,
  title        = {Call Java from Julia: JavaCall},
  year         = 2019,
  key          = {Javacall},
  url          = {http://juliainterop.github.io/JavaCall.jl}
}

@Misc{www-julialang,
  author       = {Bezanson, J. and Edelman, A. and Karpinski, S. and Shah, V.},
  howpublished = {Website},
  month        = sep,
  title        = {The Julia Language},
  year         = 2019,
  url          = {https://www.julialang.org}
}

@Misc{www-pycall,
  author       = {Johnson, Steven G.},
  howpublished = {Code Repository},
  month        = aug,
  title        = {Package to call Python functions from the Julia language},
  year         = 2019,
  key          = {PyCall},
  url          = {https://github.com/JuliaPy/PyCall.jl}
}

@Misc{julia-wired,
  author       = {Finley, Klint},
  howpublished = {Magazine},
  month        = feb,
  title        = {Out in the Open: Man Creates One Programming Language to Rule Them All},
  year         = 2014,
  key          = {Wired:Julia},
  url          = {https://www.wired.com/2014/02/julia/}
}

@Comment{jabref-meta: databaseType:bibtex;}
