% Encoding: UTF-8

@Misc{www-slideshare-building,
  author       = {Amatriain, Xavier},
  howpublished = {Web Page},
  month        = sep,
  title        = {Building Large-scale Real-world Recommender Systems - Recsys2012 tutorial},
  year         = 2012,
  url          = {https://www.slideshare.net/xamat/building-largescale-realworld-recommender-systems-recsys2012-tutorial}
}

@Misc{www-ifi-teaching,
  author       = {Seuken, Sven},
  howpublished = {Web Page},
  month        = oct,
  title        = {PowerPoint Presentation},
  year         = 2012,
  url          = {https://www.ifi.uzh.ch/ce/teaching/spring2012/16-Recommender-Systems_Slides.pdf}
}

@Misc{www-kaggle,
  author       = {{Kaggle Inc}},
  howpublished = {Web Page},
  title        = {Kaggle: Your Home for Data Science},
  year         = 2018,
  url          = {https://www.kaggle.com/}
}

@Misc{www-ics-uci-welling,
  author       = {Welling, Max},
  howpublished = {Web Page},
  title        = {ICS175winter11},
  year         = 2012,
  url          = {https://www.ics.uci.edu/~welling/teaching/CS77Bwinter12/CS77B_w12.html}
}

@Misc{20120117berkeley1,
  author       = {Hammerbacher, Jeff},
  howpublished = {Web Page},
  month        = jan,
  title        = {Introduction to data science},
  year         = 2012,
  url          = {https://berkeleydatascience.files.wordpress.com/2012/01/20120117berkeley1.pdf}
}

@Misc{www-techworld-netflix,
  author       = {Curtis, Sophie},
  howpublished = {Web Page},
  month        = mar,
  title        = {Netflix foretells 'House of Cards' success with Cassandra big data engine | Apps \& wearables | Techworld},
  year         = 2013,
  url          = {https://www.techworld.com/news/apps-wearables/netflix-foretells-house-of-cards-success-with-cassandra-big-data-engine-3437514/}
}

@Misc{wikipedia-ABtesting,
  author       = {{Wikipedia}},
  howpublished = {Web Page},
  title        = {A/B testing},
  year         = 2018,
  url          = {https://en.wikipedia.org/wiki/A/B_testing}
}

@Misc{www-infoq-architec,
  author       = {Cockcroft, Adrian},
  howpublished = {Web Page},
  month        = apr,
  title        = {Architectural Patterns for High Availability},
  year         = 2013,
  url          = {https://www.infoq.com/presentations/Netflix-Architecture}
}

@Comment{jabref-meta: databaseType:bibtex;}
