@misc{www-learning-shell,
	author = {Shotts, Jr., William},
	title = {{LinuxCommand.org: Learning the shell.}},
	year = {2021},
	month = {Sep},
	note = {[Online; accessed 26. Sep. 2021]},
	url = {https://linuxcommand.org/lc3_learning_the_shell.php}
}

@misc{www-linux-cheatsheet,
	author = {Krassotkin, Alexander},
	title = {{Cheat-Sheets.org}},
	year = {2021},
	month = {Sep},
	note = {[Online; accessed 26. Sep. 2021]},
	url = {http://www.cheat-sheets.org/#Linux}
}