% Encoding: UTF-8

@Misc{www-ibm-mapreduce,
  author = {{IBM}},
  month  = aug,
  title  = {Apache MapReduce},
  year   = 2019,
  url    = {https://www.ibm.com/analytics/hadoop/mapreduce}
}

@misc{www-wikipedia-mapreduce,
  author =	 {{Wikipedia}},
  month =	 aug,
  year =	 2019,
  title =	 {MapReduce},
  url =		 {https://en.wikipedia.org/wiki/MapReduce}
}

@Misc{www-tutorialspoint-mapreduce,
  author = {{tutuorialspoint}},
  month  = aug,
  title  = {Hadoop MapReduce},
  year   = 2019,
  url    = {https://www.tutorialspoint.com/hadoop/hadoop_mapreduce.htm}
}

@Misc{www-edureka-hadoop-mapreduce,
  author = {Kiran, Ravi},
  month  = aug,
  title  = {MapReduce Tutorial â€“ Fundamentals of MapReduce with MapReduce Example},
  year   = 2019,
  url    = {https://www.edureka.co/blog/mapreduce-tutorial/?utm_source=youtube&utm_campaign=mapreduce-tutorial-161216-wr&utm_medium=description}
}

@misc{www-quora-hadoop-spark-diff,
  month =	 aug,
  year =	 2019,
  title =	 {Hadoop and Spark},
  url =
                  {https://www.quora.com/What-is-the-difference-between-Hadoop-and-Spark},
  author =	 {Afshan Khan},
  urldate =	 {2017-09-03}
}

@Misc{www-data-flair-spark-hadoop-diff,
  author = {{DataFlair Team}},
  month  = aug,
  title  = {Apache Spark vs Hadoop Mapreduce},
  year   = 2019,
  url    = {https://data-flair.training/blogs/apache-spark-vs-hadoop-mapreduce/}
}

@Misc{www-youtube-hadoop-mapreduce,
  author = {{Edureka}},
  month  = aug,
  title  = {MapReduce Tutorial | What is MapReduce | Hadoop MapReduce Tutorial | Edureka},
  year   = 2019,
  url    = {https://www.youtube.com/watch?v=SqvAaB3vK8U&list=WL&index=25&t=2547s}
}

@Misc{www-amazon-emr,
  author = {{Amazon Web Services, Inc.}},
  month  = aug,
  title  = {Amazon EMR - Amazon Web Services},
  year   = 2019,
  url    = {https://aws.amazon.com/emr/?nc2=type_a}
}

@Misc{www-hadoop-hdfs-design,
  author = {Borthakur, Dhruba},
  month  = aug,
  title  = {HDFS Architecture Guide},
  year   = 2019,
  url    = {https://hadoop.apache.org/docs/r1.2.1/hdfs_design.html}
}

@Comment{jabref-meta: databaseType:bibtex;}
