% Encoding: UTF-8

@Misc{api-mongodb-com-api,
  author       = {{MongoDB, Inc.}},
  howpublished = {Web Page},
  title        = {PyMongo 3.7.1 Documentation},
  year         = 2008,
  url          = {https://api.mongodb.com/python/current/api}
}

@Misc{www-w3schools,
  author       = {{W3Schools}},
  howpublished = {Web Page},
  title        = {Python MongoDB Create Database},
  year         = 1999,
  url          = {https://www.w3schools.com/python/python_mongodb_create_db.asp}
}

@Misc{www-mongo-aggregation,
  author       = {{MongoDB, Inc.}},
  howpublished = {Web Page},
  title        = {PyMongo 3.7.1 Documentation},
  year         = 2008,
  url          = {https://api.mongodb.com/python/current/examples/aggregation.html}
}

@Misc{www-pymongo-tutorial,
  author       = {{MongoDB, Inc.}},
  howpublished = {Web Page},
  title        = {PyMongo 3.7.1 Documentation},
  year         = 2008,
  url          = {https://api.mongodb.com/python/current/tutorial.html}
}

@Misc{www-github,
  author       = {Dirolf, Mike},
  howpublished = {Web Page},
  month        = jul,
  title        = {PyMongo},
  year         = 2018,
  url          = {https://github.com/mongodb/mongo-python-driver}
}

@Misc{www-api-mongodb-installation,
  author       = {{MongoDB, Inc}},
  howpublished = {Web pages},
  title        = {Installing / Upgrading},
  year         = 2008,
  url          = {http://api.mongodb.com/python/current/installation.html}
}

@Misc{www-guru99,
  author       = {{Guru99}},
  howpublished = {Web Page},
  note         = {Accessed : Oct 8,2018},
  title        = {Introduction To MongoDB},
  year         = 2018,
  url          = {https://www.guru99.com/mongodb-tutorials.html#1}
}

@Misc{www-upwork,
  author       = {WODEHOUSE, CAREY},
  howpublished = {Web Page},
  note         = {Access: Oct 08, 2018},
  title        = {Should You Use MongoDB? A Look at the Leading NoSQL Database},
  year         = 2018,
  url          = {https://www.upwork.com/hiring/data/should-you-use-mongodb-a-look-at-the-leading-nosql-database/}
}

@Misc{www-mongodb-compare,
  author       = {{MongoDB Inc.}},
  howpublished = {Web Page},
  month        = aug,
  title        = {MongoDB and MySQL Compared},
  year         = 2019,
  url          = {https://www.mongodb.com/compare/mongodb-mysql}
}

@Misc{www-mongodb,
  author       = {{MongoDB, Inc.}},
  howpublished = {Web Page},
  note         = {Accessed: Oct 8,2018},
  title        = {https://www.mongodb.com/},
  year         = 2018,
  url          = {https://docs.mongodb.com/manual/introduction/}
}

@Misc{www-sitepoint,
  author       = {Buckler, Craig and Motz, Julian},
  howpublished = {Web Page},
  month        = sep,
  title        = {Using JOINs in MongoDB NoSQL Databases},
  year         = 2016,
  url          = {https://www.sitepoint.com/using-joins-in-mongodb-nosql-databases/}
}

@Book{book-ohiggins,
  author    = {O'Higgins, Niall},
  editor    = {Mike Loukides and Shawn Wallace},
  publisher = {O'Reilly},
  title     = {PyMongo \& Python},
  year      = 2011,
  isbn      = {978-1-449-31037-0},
  url       = {http://img105.job1001.com/upload/adminnew/2015-04-07/1428393873-MHKX3LN.pdf}
}

@Misc{www-gearheart,
  author       = {Oleynik, Vlada},
  howpublished = {Web Page},
  month        = mar,
  title        = {How Do You Use MongoDB With Python?},
  year         = 2017,
  url          = {https://gearheart.io/blog/how-do-you-use-mongodb-with-python/}
}

@Misc{www-mongodb-slideshare,
  author       = {Leite, Norberto},
  howpublished = {Web Page},
  month        = mar,
  note         = {Slides},
  title        = {MongoDB and Python},
  year         = 2015,
  url          = {https://www.slideshare.net/NorbertoLeite/mongodb-and-python}
}

@Misc{www-pymongo-blog,
  author       = {Davis, A. Jesse Jiryu},
  howpublished = {Web Page},
  month        = apr,
  title        = {Announcing PyMongo3},
  year         = 2015,
  url          = {https://emptysqua.re/blog/announcing-pymongo-3/}
}

@Misc{www-realpython,
  author       = {{Real Python}},
  howpublished = {Web Page},
  title        = {Introduction to MongoDB and Python},
  year         = 2016,
  url          = {https://realpython.com/introduction-to-mongodb-and-python/}
}

@Misc{www-docs-mongoengine,
  author       = {{MongoEngine}},
  howpublished = {Web Page},
  title        = {MongoEngine User Documentation},
  year         = 2009,
  url          = {http://docs.mongoengine.org/}
}

@Misc{www-wikiodm,
  author       = {{Wikipedia}},
  howpublished = {Web Page},
  month        = may,
  title        = {Object-relational Mapping},
  year         = 2009,
  url          = {https://en.wikipedia.org/wiki/Object-relational_mapping}
}

@Misc{www-mongoengine-instances,
  author       = {{MongoEngine}},
  howpublished = {Web Page},
  title        = {User Guide: Document Instances},
  year         = 2009,
  url          = {http://docs.mongoengine.org/guide/document-instances.html}
}

@Misc{www-installing,
  author       = {{MongoEngine}},
  howpublished = {Web Page},
  title        = {2.1 Installing MongoEngine},
  year         = 2009,
  url          = {http://docs.mongoengine.org/guide/installing.html}
}

@Misc{www-connecting,
  author       = {{MongoEngine}},
  howpublished = {Web Page},
  title        = {2.2 Connection to MongoDB},
  year         = 2009,
  url          = {http://docs.mongoengine.org/guide/connecting.html}
}

@Misc{www-querying,
  author       = {{MongoEngine}},
  howpublished = {Web Page},
  title        = {User Guide 2.5. Querying the database},
  year         = 2009,
  url          = {http://docs.mongoengine.org/guide/querying.html}
}

@Misc{www-pymongo-documentation-copydb,
  author       = {{MongoDB, Inc.}},
  howpublished = {Web Page},
  title        = {PyMongo 3.7.2 Documenation},
  year         = 2008,
  url          = {https://api.mongodb.com/python/current/examples/copydb.html}
}

@Misc{www-docs-mongodb,
  author       = {{MongoDB, Inc.}},
  howpublished = {Web Page},
  title        = {PyMongo 3.7.2 Documenation},
  year         = 2008,
  url          = {https://docs.mongodb.com/manual/reference/operator/aggregation-pipeline/}
}

@Misc{www-docs-map-reduce,
  author       = {{MongoDB, Inc.}},
  howpublished = {Web Page},
  title        = {PyMongo 3.7.2 Documenation},
  year         = 2008,
  url          = {https://docs.mongodb.com/manual/core/map-reduce/}
}

@Misc{www-api-map-reduce,
  author       = {{MongoDB, Inc.}},
  howpublished = {Web Page},
  title        = {PyMongo v2.0 documentation},
  year         = 2008,
  url          = {https://api.mongodb.com/python/2.0/examples/map_reduce.html}
}

@Misc{www-wiki-flask,
  author       = {{Wikipedia}},
  howpublished = {Web Page},
  month        = oct,
  title        = {Flask (web framework)},
  year         = 2018,
  url          = {https://en.wikipedia.org/wiki/Flask_(web_framework)}
}

@Misc{www-flask-framework,
  author =	 {{Wikipedia}},
  title =	 {Flask (web framework)},
  howpublished = {Web Page},
  year =	 2010,
  url =		 {https://en.wikipedia.org/wiki/Flask_(web_framework)}
}

@Misc{www-flask-pymongo,
  author       = {{MongoDB, Inc.}},
  howpublished = {Web Page},
  title        = {Flask-PyMongo},
  year         = 2008,
  url          = {https://flask-pymongo.readthedocs.io/en/latest/}
}

@Misc{www-pythonhosted-MongoAlchemy,
  author       = {{MongoDB, Inc.}},
  howpublished = {Web Page},
  title        = {Flask MongoAlchemy},
  year         = 2008,
  url          = {https://pythonhosted.org/Flask-MongoAlchemy/}
}

@Misc{www-flask-mongoengine,
  author       = {{MongoDB, Inc.}},
  howpublished = {Web Page},
  title        = {Flask-MongoEngine},
  year         = 2008,
  url          = {http://docs.mongoengine.org/projects/flask-mongoengine/en/latest/}
}

@Misc{www-mongoengine-schema,
  author       = {{MongoDB, Inc.}},
  howpublished = {Web Page},
  title        = {Flask-MongoEngine},
  year         = 2008,
  url          = {http://docs.mongoengine.org/guide/defining-documents.html}
}

@Misc{www-digitaloceaninst,
  author       = {Papiernik, Mateusz},
  howpublished = {Web Page},
  month        = jun,
  title        = {How to Install MongoDB on Ubuntu 18.04},
  year         = 2018,
  url          = {https://www.digitalocean.com/community/tutorials/how-to-install-mongodb-on-ubuntu-18-04}
}

@Misc{www-digitaloceanprep,
  author       = {Ellingwood, Justin},
  howpublished = {Web Page},
  month        = apr,
  title        = {Initial Server Setup with Ubuntu 18.04},
  year         = 2018,
  url          = {https://www.digitalocean.com/community/tutorials/initial-server-setup-with-ubuntu-18-04}
}

@Manual{www-mongodblookup,
  title        = {Lookup (Aggregation)},
  address      = {New York City, New York, United States},
  author       = {{MongoDB, Inc.}},
  edition      = {3.2},
  organization = {MongoDB Inc},
  year         = 2008,
  url          = {https://docs.mongodb.com/manual/reference/operator/aggregation/lookup/}
}

@Manual{www-mongoexportimport,
  title        = {MongoDB Package Components - mongoexport},
  address      = {New York City, New York, United States},
  author       = {{MongoDB, Inc.}},
  edition      = {4.0},
  organization = {MongoDB Inc},
  year         = 2008,
  url          = {https://docs.mongodb.com/manual/reference/program/mongoexport/}
}

@Manual{www-mongosecurity,
  title        = {Security},
  address      = {New York City, New York, United States},
  author       = {{MongoDB, Inc.}},
  edition      = {4.0},
  organization = {MongoDB Inc},
  year         = 2008,
  url          = {https://docs.mongodb.com/manual/security/}
}

@Misc{www-mongoatlas,
  author       = {{MongoDB, Inc.}},
  howpublished = {Web Page},
  title        = {MongoDB Atlas},
  year         = 2018,
  url          = {https://www.mongodb.com/cloud/atlas}
}

@Manual{www-mongocollection,
  title        = {Databases and Collections},
  address      = {New York, New York, USA},
  author       = {{MongoDB, Inc.}},
  edition      = {4.0},
  organization = {MongoDB Inc},
  year         = 2008,
  url          = {https://docs.mongodb.com/manual/core/databases-and-collections/}
}

@Comment{jabref-meta: databaseType:bibtex;}
