% Encoding: UTF-8

@Misc{earthdata-about,
  author       = {{EOSDIS}},
  howpublished = {Web Page},
  month        = aug,
  title        = {About EOSDIS: An Overview of EOSDIS},
  year         = 2019,
  url          = {https://earthdata.nasa.gov/about}
}

@InProceedings{nsidc-daac-uwg,
  author       = {Moses, J.},
  booktitle    = {NSIDC DAAC Users Working Group},
  title        = {Earth Science Data and Information System (ESDIS) Project},
  year         = 2010,
  howpublished = {Web Page},
  url          = {https://nsidc.org/sites/nsidc.org/files/files/rpt_esdis_overview_moses.pdf}
}

@Misc{nasa-eosdis-cumulus,
  author       = {Baynes et al.},
  howpublished = {Web Page},
  month        = aug,
  note         = {ERROR no et al but list all},
  title        = {NASA's EOSDIS Cloud},
  year         = 2019,
  url          = {https://ntrs.nasa.gov/archive/nasa/casi.ntrs.nasa.gov/20180000548.pdf}
}

@Misc{nasa-big-data,
  author       = {Skyteland, N.},
  howpublished = {Web Page},
  month        = aug,
  title        = {What is NASA doing with Big Data today?},
  year         = 2019,
  url          = {https://open.nasa.gov/blog/what-is-nasa-doing-with-big-data-today/}
}

@Misc{nisar-mission,
  author       = {{NISAR}},
  howpublished = {Web Page},
  month        = aug,
  title        = {Mission},
  year         = 2019,
  url          = {https://nisar.jpl.nasa.gov/nisarmission/}
}

@InProceedings{sds-considerations,
  author       = {Hua, H.},
  booktitle    = {Big Data Task Force of the NASA Advisory Council Science Committee},
  title        = {SDS Considerations for SWOT and NISAR},
  year         = 2017,
  howpublished = {Web Page},
  url          = {https://smd-prod.s3.amazonaws.com/science-red/s3fs-public/atoms/files/13%20-%20Day%202%20SDS%20Considerations%20for%20SWOT%20and%20NISAR%20-%20Hua.pdf}
}

@Misc{getting-ready-for-nisar,
  author       = {Blumenfeld, J.},
  howpublished = {Web Page},
  month        = aug,
  title        = {Getting Ready for NISARâ€”and for Managing Big Data using the Commercial Cloud},
  year         = 2019,
  url          = {https://earthdata.nasa.gov/getting-ready-for-nisar}
}

@Comment{jabref-meta: databaseType:bibtex;}
