% Encoding: UTF-8

@Article{aad2012observation,
  author  = {Aad, Georges and Abajyan, T and Abbott, B and Abdallah, J and Khalek, S Abdel and Abdelalim, AA and Abdinov, O and Aben, R and Abi, B and Abolins, M and others},
  journal = {Physics Letters B},
  title   = {Observation of a new particle in the search for the Standard Model Higgs boson with the ATLAS detector at the LHC},
  year    = 2012,
  number  = {1},
  pages   = {1--29},
  volume  = {716},
  url     = {http://www.sciencedirect.com/science/article/pii/S037026931200857X}
}

@Misc{jwork-api,
  author = {{jwork}},
  title  = {Welcome to DataMelt},
  year   = 2018,
  url    = {http://jwork.org/scavis/api/}
}

@Book{mckinney-python,
  author    = {McKinney, Wes},
  publisher = {O'Reilly Media, Inc.},
  title     = {Python for data analysis: Data wrangling with Pandas, NumPy, and IPython},
  year      = 2012
}

@Misc{wikipedia,
  author       = {{Wikipedia}},
  howpublished = {Web Page},
  title        = {DataMelt},
  year         = 2018,
  url          = {https://en.wikipedia.org/wiki/DataMelt}
}

@Misc{cms,
  author       = {{cms.cern}},
  howpublished = {Web Page},
  month        = aug,
  title        = {Observation of Higgs Boson Decay to Bottom Quakers},
  year         = 2018,
  url          = {https://cms.cern/}
}

@Misc{www-ligo-data-grid,
  author = {{LIGO}},
  month  = sep,
  title  = {Ligo Data Grid},
  year   = 2019,
  url    = {https://www.lsc-group.phys.uwm.edu/lscdatagrid/overview.html}
}

@Comment{jabref-meta: databaseType:bibtex;}
