% Encoding: UTF-8

@Misc{las-github-bookmanager,
  author       = {von Laszewski, Gregor},
  howpublished = {Code Repository},
  month        = aug,
  title        = {Bookmanager},
  year         = 2019,
  url          = {https://pypi.org/project/cyberaide-bookmanager/}
}

@Misc{e516-report-sample,
  author = {von Laszewski, Gregor},
  month  = aug,
  title  = {Project format Example},
  year   = 2019,
  url    = {https://github.com/cloudmesh-community/proceedings-fa18/tree/master/project-report}
}

@Book{las19linux,
  author    = {von Laszewski, Gregor},
  publisher = {Indiana University},
  title     = {Linux for Cloud Computing},
  year      = 2019,
  address   = {Bloomington, Indiana},
  edition   = {Fall 2019},
  month     = aug,
  keywords  = {Cloud, Book, ePub, Linux},
  url       = {https://laszewski.github.io/book/linux/}
}

@Book{las19python,
  author    = {von Laszewski, Gregor},
  publisher = {Indiana University},
  title     = {Python for Cloud Computing},
  year      = 2019,
  address   = {Bloomington, Indiana},
  edition   = {Fall 2019},
  month     = aug,
  keywords  = {Cloud, Book, ePub, Linux},
  url       = {https://laszewski.github.io/book/python/}
}

@Book{las19writing,
  author    = {von Laszewski, Gregor},
  publisher = {Indiana University},
  title     = {Scientific Writing with Markdown},
  year      = 2019,
  address   = {Bloomington, Indiana},
  edition   = {Fall 2019},
  month     = aug,
  keywords  = {Markdown, Writing, Book, ePub},
  url       = {https://laszewski.github.io/book/writing/}
}

@Book{las19cloudcomputing,
  author    = {von Laszewski, Gregor},
  publisher = {Indiana University},
  title     = {Cloud Computing},
  year      = 2019,
  address   = {Bloomington, Indiana},
  edition   = {Fall 2019},
  month     = aug,
  keywords  = {Cloud, Book, ePub},
  url       = {https://laszewski.github.io/book/cloud/}
}

@Book{las19e516,
  author    = {von Laszewski, Gregor},
  publisher = {Indiana University},
  title     = {e516 Cloud COmputing Engineering},
  year      = 2019,
  address   = {Bloomington, Indiana},
  edition   = {Fall 2019},
  month     = aug,
  keywords  = {Cloud, Book, ePub},
  url       = {https://laszewski.github.io/book/e516/}
}

@Book{las19technologies,
  author    = {von Laszewski, Gregor},
  publisher = {Indiana University},
  title     = {Cloud Technologies},
  year      = 2019,
  address   = {Bloomington, Indiana},
  edition   = {Fall 2019},
  month     = aug,
  epub      = {https://cloudmesh-community.github.io/book//vonLaszewski-cloud-technologies.epub?raw=true},
  keywords  = {Cloud, Book, ePub},
  url       = {https://cloudmesh-community.github.io/book/vonLaszewski-cloud-technologies.epub?raw=true}
}

@Book{las19cloudcomputing-sp,
  author    = {von Laszewski, Gregor and Wang, Fugang and Fox, Geoffrey C.},
  publisher = {Indiana University},
  title     = {Cloud Computing},
  year      = 2019,
  address   = {Bloomington, Indiana},
  edition   = {Spring 2019},
  month     = nov,
  epub      = {https://github.com/cloudmesh-community/book/blob/master/archive/vonLaszewski-cloud-sp19.epub?raw=true},
  keywords  = {Cloud, Book, ePub},
  url       = {https://github.com/cloudmesh-community/book/blob/master/archive/vonLaszewski-cloud-sp19.epub?raw=true}
}

@Book{las18cloudcomputing,
  author    = {von Laszewski, Gregor and Wang, Fugang and Fox, Geoffrey C.},
  publisher = {Indiana University},
  title     = {Cloud Computing},
  year      = 2018,
  address   = {Bloomington, Indiana},
  edition   = {Fall 2018},
  month     = nov,
  epub      = {https://github.com/cloudmesh-community/book/blob/master/vonLaszewski-cloud-2018.epub?raw=true},
  keywords  = {Cloud, Book, ePub},
  url       = {https://github.com/cloudmesh-community/book/blob/master/vonLaszewski-cloud-2018.epub?raw=true}
}

@Book{las-cloudcomputing-pi,
  author    = {von Laszewski, Gregor},
  publisher = {Indiana University},
  title     = {Cloud Computing with the Raspberry Pi},
  year      = 2018,
  address   = {Bloomington, Indiana},
  edition   = {Fall 2018},
  month     = nov,
  epub      = {https://github.com/cloudmesh-community/book/vonLaszewski-pi.epub?raw=true},
  keywords  = {Raspberry, Cloud, Book, ePub},
  url       = {https://github.com/cloudmesh-community/book/vonLaszewski-pi.epub?raw=true}
}

@Book{las18bigdata,
  author    = {Fox, Geoffrey C. and von Laszewski, Gregor and Wang, Fugang},
  publisher = {Indiana University},
  title     = {Big Data Applications and Analytics},
  year      = 2018,
  address   = {Bloomington, Indiana},
  edition   = {Fall 2018},
  month     = nov,
  epub      = {https://github.com/cloudmesh-community/book/blob/master/vonLaszewski-bigdata-application.epub?raw=true},
  keywords  = {Big Data, Analytics, Cloud, Book, ePub},
  url       = {https://github.com/cloudmesh-community/book/blob/master/vonLaszewski-bigdata-application.epub?raw=true}
}

@Book{las18writing-1,
  author    = {von Laszewski, Gregor},
  publisher = {Indiana University},
  title     = {Scientific Writing I},
  year      = 2018,
  address   = {Bloomington, Indiana},
  edition   = {Fall 2018},
  month     = nov,
  epub      = {https://github.com/cloudmesh-community/book/blob/master/vonLaszewski-writing-1.epub?raw=true},
  keywords  = {Writing, Book, ePub},
  url       = {https://github.com/cloudmesh-community/book/blob/master/vonLaszewski-writing-1.epub?raw=true}
}

@Book{las18writing-2,
  author    = {von Laszewski, Gregor},
  publisher = {Indiana University},
  title     = {Scientific Writing II},
  year      = 2018,
  address   = {Bloomington, Indiana},
  edition   = {Fall 2018},
  month     = nov,
  keywords  = {Writing, Book, ePub},
  url       = {http://cyberaide.org/papers/vonLaszewski-latex.pdf}
}

@Book{las18usecases-1,
  author    = {von Laszewski, Gregor},
  publisher = {Indiana University},
  title     = {Use Cases in Big Data Software and Analytics},
  year      = 2018,
  address   = {Bloomington, Indiana},
  edition   = {Fall 2018},
  month     = nov,
  volume    = {1},
  keywords  = {Big Data, Use cases, Book, ePub},
  url       = {http://cyberaide.org/papers/vonLaszewski-i523-v1.pdf}
}

@Book{las18usecases-2,
  author    = {von Laszewski, Gregor},
  publisher = {Indiana University},
  title     = {Use Cases in Big Data Software and Analytics},
  year      = 2018,
  address   = {Bloomington, Indiana},
  edition   = {Fall 2018},
  month     = nov,
  series    = {Cloud Cmputing},
  volume    = {2},
  keywords  = {Big Data, Use cases, Book, ePub},
  url       = {http://cyberaide.org/papers/vonLaszewski-i523-v2.pdf}
}

@Book{las18software-1,
  author    = {von Laszewski, Gregor},
  publisher = {Indiana University},
  title     = {Big Data Software},
  year      = 2018,
  address   = {Bloomington, Indiana},
  edition   = {Fall 2018},
  month     = nov,
  series    = {Cloud Cmputing},
  volume    = {3},
  keywords  = {Big Data, Software, Book, ePub},
  url       = {https://github.com/cloudmesh/sp17-i524/raw/master/paper2/proceedings.pdf}
}

@Book{las18software-2,
  author    = {von Laszewski, Gregor},
  publisher = {Indiana University},
  title     = {Big Data Software},
  year      = 2018,
  address   = {Bloomington, Indiana},
  edition   = {Fall 2018},
  month     = nov,
  series    = {Cloud Cmputing},
  volume    = {4},
  keywords  = {Big Data, Software, Book, ePub},
  url       = {https://github.com/cloudmesh/sp17-i524/raw/master/paper2/proceedings.pdf}
}

@Book{las18tecc-1,
  author    = {von Laszewski, Gregor},
  publisher = {Indiana University},
  title     = {Cloud and Big Data Technologies},
  year      = 2018,
  address   = {Bloomington, Indiana},
  edition   = {Fall 2018},
  month     = nov,
  series    = {Cloud Cmputing},
  volume    = {4},
  keywords  = {Big Data, Software, Book, ePub},
  url       = {http://cyberaide.org/papers/vonLaszewski-cloud-vol-8.pdf}
}

@Book{lasfa18usecases,
  author    = {von Laszewski, Gregor},
  publisher = {Indiana University},
  title     = {Cloud Computing Usecases},
  year      = 2018,
  address   = {Bloomington, Indiana},
  edition   = {Fall 2018},
  month     = nov,
  series    = {Cloud Cmputing},
  volume    = {10},
  keywords  = {Big Data, Software, Book, ePub},
  url       = {https://github.com/cloudmesh-community/proceedings-fa18/raw/master/vonLaszewski-proceedings-fa18-papers.pdf}
}

@Book{lasfa18usecases-papers,
  author    = {von Laszewski, Gregor},
  publisher = {Indiana University},
  title     = {Cloud Computing and Big Data Usecases},
  year      = 2018,
  address   = {Bloomington, Indiana},
  edition   = {Fall 2018},
  month     = nov,
  series    = {Cloud Cmputing},
  volume    = {11},
  keywords  = {Big Data, Software, Book, ePub},
  url       = {https://github.com/cloudmesh-community/proceedings-fa18/raw/master/vonLaszewski-proceedings-fa18-projects.pdf}
}

@Comment{jabref-meta: databaseType:bibtex;}
