@Misc{www-GDPR Key Changes,
  author       = {{EU GDPR.ORG}},
  title        = {GDPR Key Changes},
  howpublished = {Web Page},
  year         = {2018},
  url          = {https://eugdpr.org/the-regulation/},
}

@Misc{www-GDPR Definitions,
  author       = {{gdpr-info.eu}},
  title        = {Art. 4 GDPR Definitions},
  howpublished = {Web Page},
  year         = {2018},
  url          = {https://gdpr-info.eu/art-4-gdpr/},
}

@Misc{www-CloudSigma,
  author       = {Vanya Nikova},
  title        = {GDPR and Cloud Computing – Challenges and Opportunities},
  howpublished = {Web Page},
  year         = {2018},
  url          = {https://www.cloudsigma.com/gdpr-and-cloud-computing-challenges-and-opportunities/},
}

@Misc{www-amazon,
  author       = {{Amazon}},
  title        = {General Data Protection Regulation (GDPR) Center},
  howpublished = {Web Page},
  year         = {2018},
  url          = {https://aws.amazon.com/compliance/gdpr-center/},
}

@Misc{www-ZDNET,
  author       = {Danny Palmer},
  title        = {What is GDPR? Everything you need to know about the new general data protection regulations},
  howpublished = {Web Page},
  month        = may,
  year         = {2018},
  url          = {https://www.zdnet.com/article/gdpr-an-executive-guide-to-what-you-need-to-know/},
}

@Misc{www-aws,
  author       = {{AWS}},
  title        = {Navigating GDPR Compliance on AWS},
  howpublished = {Web Page},
  month        = sep,
  year         = {2018},
  url          = {https://d1.awsstatic.com/whitepapers/compliance/GDPR_Compliance_on_AWS.pdf},
}

@Misc{www-expedient,
  author       = {John White},
  title        = {Private vs. Public Cloud: What’s the Difference?},
  howpublished = {Web Page},
  year         = {2018},
  url          = {https://www.expedient.com/blog/private-vs-public-cloud-whats-difference/},
}

@Misc{www-RedHat,
  author       = {{RedHat}},
  title        = {Privacy Statement},
  howpublished = {Web Page},
  month        = may,
  year         = {2018},
  url          = {https://www.redhat.com/en/about/privacy-policy},
}

@Misc{www-openstack,
  author       = {Vincenzo Di Somma},
  title        = {Openstack compliance with GDPR},
  howpublished = {Web Page},
  year         = {2018},
  url          = {https://archive.fosdem.org/2018/schedule/event/vai_openstack_gdpr_compliance/attachments/slides/2570/export/events/attachments/vai_openstack_gdpr_compliance/slides/2570/Openstack_compliance_with_GDPR.pdf},
}
