
@Misc{nytimes-datacenter,
  author =	 {{New York times}},
  title =	 {Microsoft underwater datacenter},
  howpublished = {Web Page},
  url =
                  {https://www.nytimes.com/2016/02/01/technology/microsoft-plumbs-oceans-depths-to-test-underwater-data-center.html}
}

@Misc{microsoft-first-datacenter,
  author =	 {{Microsoft}},
  title =	 {Microsoft Leona Philpot},
  howpublished = {Web Page},
  url =
                  {https://news.microsoft.com/features/microsoft-research-project-puts-cloud-in-ocean-for-the-first-time/}
}

@Misc{microsoft-second-datacenter,
  author =	 {{Microsoft}},
  title =	 {Microsoft Northern Isles},
  howpublished = {Web Page},
  url =
                  {https://news.microsoft.com/features/under-the-sea-microsoft-tests-a-datacenter-thats-quick-to-deploy-could-provide-internet-connectivity-for-years/}
}

@Misc{graphql-learn,
  author =	 {{Facebook}},
  title =	 {Introduction to GraphQL},
  howpublished = {Web Page},
  url =		 {https://graphql.org/learn/}
}

@Misc{www-howtographql,
  author =	 {{Jonatas Baldin}},
  title =	 {Introduction to GraphQL python implementation},
  howpublished = {Web Page},
  url =
                  {https://www.howtographql.com/graphql-python/0-introduction/}
}

@Misc{github-v4,
  author =	 {{Github}},
  title =	 {Github API v4},
  howpublished = {Web Page},
  url =		 {https://developer.github.com/v4/}
}

@Misc{www-djangoproject,
  author =	 {{Django Software Foundation}},
  title =	 {Django web framework},
  howpublished = {Web Page},
  url =		 {https://www.djangoproject.com/}
}

@Misc{medium-graphql,
  author =	 {{Clay Allsopp}},
  title =	 {GraphQL and authentication},
  howpublished = {Web Page},
  url =
                  {https://medium.com/the-graphqlhub/graphql-and-authentication-b73aed34bbeb}
}

@Misc{jwt-tokens,
  author =	 {{Jo√£o Angelo}},
  title =	 {JWT tokens},
  howpublished = {Web Page},
  url =		 {https://stackoverflow.com/a/39914013}
}

@Misc{www-go-yourbasic,
  author =	 {{Stefan Nilsson}},
  title =	 {Algorithms to Go},
  howpublished = {Web Page},
  url =		 {https://yourbasic.org/}
}
