% Encoding: UTF-8

@Misc{nytimes-datacenter,
  author       = {{New York times}},
  howpublished = {Web Page},
  month        = aug,
  title        = {Microsoft underwater datacenter},
  year         = 2019,
  url          = {https://www.nytimes.com/2016/02/01/technology/microsoft-plumbs-oceans-depths-to-test-underwater-data-center.html}
}

@Misc{microsoft-first-datacenter,
  author       = {{Microsoft}},
  howpublished = {Web Page},
  month        = aug,
  title        = {Microsoft Leona Philpot},
  year         = 2019,
  url          = {https://news.microsoft.com/features/microsoft-research-project-puts-cloud-in-ocean-for-the-first-time/}
}

@Misc{microsoft-second-datacenter,
  author       = {{Microsoft}},
  howpublished = {Web Page},
  month        = aug,
  title        = {Microsoft Northern Isles},
  year         = 2019,
  url          = {https://news.microsoft.com/features/under-the-sea-microsoft-tests-a-datacenter-thats-quick-to-deploy-could-provide-internet-connectivity-for-years/}
}

@Misc{graphql-learn,
  author       = {{Facebook}},
  howpublished = {Web Page},
  month        = aug,
  title        = {Introduction to GraphQL},
  year         = 2019,
  url          = {https://graphql.org/learn/}
}

@Misc{www-howtographql,
  author       = {{Baldin, Jonatas}},
  howpublished = {Web Page},
  month        = aug,
  title        = {Introduction to GraphQL python implementation},
  year         = 2019,
  url          = {https://www.howtographql.com/graphql-python/0-introduction/}
}

@Misc{github-v4,
  author       = {{Github}},
  howpublished = {Web Page},
  month        = aug,
  title        = {Github API v4},
  year         = 2019,
  url          = {https://developer.github.com/v4/}
}

@Misc{www-djangoproject,
  author       = {{Django Software Foundation}},
  howpublished = {Web Page},
  month        = aug,
  title        = {Django web framework},
  year         = 2019,
  url          = {https://www.djangoproject.com/}
}

@Misc{medium-graphql,
  author       = {Allsopp, Clay},
  howpublished = {Web Page},
  month        = aug,
  title        = {GraphQL and authentication},
  year         = 2019,
  url          = {https://medium.com/the-graphqlhub/graphql-and-authentication-b73aed34bbeb}
}

@Misc{jwt-tokens,
  author       = {{Angelo, Jo√£o}},
  howpublished = {Web Page},
  month        = aug,
  title        = {JWT tokens},
  year         = 2019,
  url          = {https://stackoverflow.com/a/39914013}
}

@Misc{www-go-yourbasic,
  author       = {{Stefan Nilsson}},
  howpublished = {Web Page},
  month        = aug,
  title        = {Algorithms to Go},
  year         = 2019,
  url          = {https://yourbasic.org/}
}

@Article{abril07,
  author    = {Abril, Patricia S. and Plant, Robert},
  journal   = {Communications of the { ACM }},
  title     = {The patent holder { \textquotesingle } s dilemma},
  year      = 2007,
  month     = jan,
  number    = {1},
  pages     = {36--44},
  volume    = {50},
  doi       = {10.1145/1188913.1188915},
  publisher = {Association for Computing Machinery ( { ACM } )},
  url       = {https://doi.org/10.1145/1188913.1188915}
}

@Misc{apache-storm,
  author       = {{Apache}},
  howpublished = {Web Page},
  month        = nov,
  title        = {apache storm},
  year         = 2017,
  url          = {http://storm.apache.org/}
}

@Misc{apache-storm-mqtt,
  author       = {Apache storm},
  howpublished = {Apache storm website},
  month        = nov,
  title        = {Storm MQTT Integration},
  year         = 2017,
  url          = {http://storm.apache.org/releases/1.1.0/storm-mqtt.html}
}

@Misc{apache-storm-wiki,
  author = {{Wikipedia}},
  month  = nov,
  title  = {Storm (event processor)},
  year   = 2017,
  url    = {https://en.wikipedia.org/w/index.php?title=Storm_(event_processor)&oldid=808771136}
}

@Misc{cloudmesh.pi,
  author       = {von Laszewski, Gregor},
  howpublished = {Code Repository},
  month        = oct,
  title        = {cloudmesh.pi},
  year         = 2017,
  url          = {https://github.com/cloudmesh/cloudmesh.pi}
}

@Misc{dzone-mqtt-security,
  author       = {Prabath Siriwardena},
  howpublished = {Dzone website},
  month        = sep,
  title        = {MQTT Security Fundamentals},
  year         = 2015,
  url          = {https://dzone.com/articles/mqtt-security-fundamentals}
}

@Misc{eclipse-mosquitto,
  author       = {{Eclipse}},
  howpublished = {Web Page},
  month        = nov,
  title        = {Mosquito MQTT Broker},
  year         = 2017,
  key          = {mosquito},
  url          = {https://mosquitto.org/}
}

@Misc{elk-stack,
  author       = {{elastic.io}},
  howpublished = {elastic.io website},
  month        = nov,
  title        = {ELK stack},
  year         = 2017,
  url          = {https://www.elastic.co/products}
}

@Misc{erlang-mqtt-broker,
  author       = {{erlang-mqtt}},
  howpublished = {wmqtt website},
  month        = nov,
  title        = {erlang mqtt broker},
  year         = 2017,
  url          = {http://emqtt.io/docs/v2/index.html}
}

@Misc{grove-led,
  author       = {{seed studio}},
  howpublished = {Seed studio website},
  month        = oct,
  title        = {Grove LED socket kit},
  year         = 2017,
  timestamp    = {2017.11.06},
  url          = {http://wiki.seeed.cc/Grove-LED_Socket_Kit/}
}

@Misc{grove-relay,
  author       = {{Seed Studio}},
  howpublished = {seed studio website},
  month        = oct,
  title        = {Grove Relay},
  year         = 2017,
  url          = {http://wiki.seeed.cc/Grove-Relay/},
}

@Misc{grovepi,
  author       = {{Dexter Industries}},
  howpublished = {Dexteer Industries website},
  month        = nov,
  title        = {Grovepi},
  year         = 2017,
  url          = {https://www.dexterindustries.com/grovepi/}
}

@Misc{hid-sp18-405-tutorial-avro-doc,
  author       = {{Apache Avro}},
  howpublished = {Web Page},
  month        = feb,
  note         = {Accessed 2018-3-23},
  title        = {Apache Avro 1.8.2 Documentation},
  year         = 2017,
  url          = {http://avro.apache.org/docs/1.8.2/index.html}
}

@Misc{hid-sp18-405-tutorial-avro-java,
  author       = {{Apache Avro}},
  howpublished = {Web Page},
  month        = feb,
  note         = {Accessed 2018-3-23},
  title        = {Apache Avro 1.8.2 Getting Started (Java)},
  year         = 2017,
  url          = {http://avro.apache.org/docs/1.8.2/gettingstartedjava.html}
}

@Misc{hid-sp18-405-tutorial-avro-mapreduce,
  author       = {{Apache Avro}},
  howpublished = {Web Page},
  month        = feb,
  note         = {Accessed 2018-3-23},
  title        = {Apache Avro 1.8.2 Hadoop MapReduce guide},
  year         = 2017,
  url          = {http://avro.apache.org/docs/1.8.2/mr.html}
}

@Misc{hid-sp18-405-tutorial-avro-python,
  author       = {{Apache Avro}},
  howpublished = {Web Page},
  month        = feb,
  note         = {Accessed 2018-3-23},
  title        = {Apache Avro 1.8.2 Getting Started (Python)},
  year         = 2017,
  url          = {http://avro.apache.org/docs/1.8.2/gettingstartedpython.html}
}

@Misc{hid-sp18-405-tutorial-avro-record,
  author       = {{Apache Avro}},
  howpublished = {Web Page},
  month        = feb,
  note         = {Accessed 2018-3-23},
  title        = {Apache Avro 1.8.2 Specification},
  year         = 2017,
  url          = {http://avro.apache.org/docs/1.8.2/spec.html#schema_record}
}

@Misc{hid-sp18-405-tutorial-dockerhub-blog-use,
  author       = {Bhartiya, Swapnil},
  howpublished = {Blog},
  month        = jan,
  note         = {Accessed 2018-3-26},
  title        = {How to Use DockerHub},
  year         = 2018,
  url          = {https://www.linux.com/blog/learn/intro-to-linux/2018/1/how-use-dockerhub}
}

@Misc{hid-sp18-405-tutorial-dockerhub-overview,
  author       = {{Docker}},
  howpublished = {Web Page},
  month        = mar,
  note         = {Accessed 2018-3-26},
  title        = {Overview of Docker Hub},
  year         = 2018,
  url          = {https://docs.docker.com/docker-hub/}
}

@Misc{hid-sp18-405-tutorial-dockerhub-repository,
  author       = {{Docker}},
  howpublished = {Web Page},
  month        = mar,
  note         = {Accessed 2018-3-26},
  title        = {Repositories on Docker Hub},
  year         = 2018,
  url          = {https://docs.docker.com/docker-hub/repos/}
}

@Misc{hid-sp18-405-tutorial-dockerhub-series-part-4,
  author       = {Irani, Romin},
  howpublished = {Blog},
  month        = jul,
  note         = {Accessed 03-27-2018},
  title        = {Docker Tutorial Series-Part 4-Docker Hub},
  year         = 2015,
  url          = {https://rominirani.com/docker-tutorial-series-part-4-docker-hub-b51fb545dd8e}
}

@Misc{hid-sp18-405-tutorial-pidhcp-hadoopinstall,
  author       = {Tallapalli, Niranjan},
  howpublished = {Web Page},
  month        = feb,
  note         = {Accessed 2018-2-26},
  title        = {Hadoop and Spark Installation on Raspberry Pi3 Cluster Part 3},
  year         = 2017,
  url          = {https://tekmarathon.com/2017/02/16/hadoop-and-spark-installation-on-raspberry-pi-3-cluster-part-3/}
}

@Misc{hid-sp18-405-tutorial-pidhcp-lesson3,
  author       = {{Raspberry Pi Foundation}},
  howpublished = {Web Page},
  month        = aug,
  note         = {Accessed 2018-2-26},
  title        = {Lesson 3 - Dynamic Host Configuration Protocol (DHCP)},
  year         = 2019,
  url          = {https://www.raspberrypi.org/learning/networking-lessons/lesson-3/plan/}
}

@Misc{hid-sp18-405-tutorial-pidhcp-pdf,
  author       = {Spencer,Kenneth},
  howpublished = {Web Page},
  month        = mar,
  note         = {Accessed 2018-2-26},
  title        = {Configuring the Raspberry Pi as a DHCP Server under Raspbian Wheezy},
  year         = 2013,
  url          = {http://www.my-music.mine.nu/images/rpi_raspbianwheezy_dhcp_server.pdf}
}

@Misc{hid-sp18-405-tutorial-pidhcp-setup,
  author       = {Hamer, C},
  howpublished = {Web Page},
  month        = sep,
  note         = {Accessed 2018-2-26},
  title        = {Setup Raspberry pi as a dhcp server},
  year         = 2014,
  url          = {https://blog.monotok.org/setup-raspberry-pi-dhcp-server/}
}

@Misc{hid-sp18-405-tutorial-sd-car-osx-general,
  author       = {{Raspberry Pi Foundation}},
  howpublished = {Web Page},
  month        = aug,
  note         = {Accessed 2018-1-20},
  title        = {INSTALLING OPERATING SYSTEM IMAGES},
  year         = 2019,
  url          = {https://www.raspberrypi.org/documentation/installation/installing-images/}
}

@Misc{hid-sp18-405-tutorial-sd-car-osx-nonoob,
  author       = {{Raspberry Pi Foundation}},
  howpublished = {Web Page},
  month        = aug,
  note         = {Accessed 2018-1-20},
  title        = {INSTALLING OPERATING SYSTEM IMAGES},
  year         = 2019,
  url          = {https://www.raspberrypi.org/documentation/installation/installing-images/}
}

@Misc{hid-sp18-405-tutorial-sd-car-osx-noob,
  author       = {{Raspberry Pi Foundation}},
  howpublished = {Web Page},
  month        = aug,
  note         = {Accessed 2018-1-20},
  title        = {NOOBS},
  year         = 2019,
  url          = {https://www.raspberrypi.org/documentation/installation/noobs.md}
}

@Misc{hid-sp18-419-tutorial-gcp-reference,
  author       = {{Google}},
  howpublished = {Web Page},
  month        = aug,
  note         = {Accessed 2018-4-3},
  title        = {Google Cloud SDK: Google Compute Instances},
  year         = 2019,
  url          = {https://cloud.google.com/sdk/gcloud/reference/compute/instances/}
}

@Misc{hid-sp18-419-tutorial-gcp-setup,
  author       = {{Google}},
  howpublished = {Web Page},
  month        = aug,
  note         = {Accessed 2018-4-3},
  title        = {Google Cloud SDK: Quickstart for Debian and Ubuntu},
  year         = 2019,
  url          = {https://cloud.google.com/sdk/docs/quickstart-debian-ubuntu}
}

@Misc{hid-sp18-419-tutorial-gcp-signup,
  author       = {{Google}},
  howpublished = {Web Page},
  month        = aug,
  note         = {Accessed 2018-4-3},
  title        = {Google Cloud Platform Free Trial},
  year         = 2019,
  url          = {https://console.cloud.google.com/freetrial}
}

@TechReport{hid-sp18-516-las17handbook,
  author      = {von Laszewski, Gregor and Fox, Geoffrey C. and Qiu, Judy},
  institution = {Indiana University},
  title       = {Handbook of Clouds and Big Data -- Theory and Practice},
  year        = 2018,
  address     = {Smith Research Center, Bloomington, IN 47408},
  month       = jan,
  type        = {Draft},
  url         = {https://tinyurl.com/cloudmesh/vonLaszewski-bigdata.pdf}
}

@Misc{hid-sp18-516-www-chameleon,
  author       = {{Chameleon Cloud}},
  howpublished = {Web Page},
  month        = mar,
  note         = {Accessed 2018-03-08},
  title        = {OpenStack KVM User Guide},
  year         = 2018,
  url          = {https://www.chameleoncloud.org/docs/user-guides/openstack-kvm-user-guide/}
}

@Misc{hid-sp18-516-www-openstack,
  author       = {{OpenStack}},
  howpublished = {Web Page},
  month        = mar,
  note         = {Accessed 2018-03-08},
  title        = {Software},
  year         = 2018,
  url          = {https://www.openstack.org/software/}
}

@Misc{hid-sp18-521-ec2keypair,
  author       = {{AWS}},
  howpublished = {Web Page},
  month        = mar,
  title        = {Create a Key Pair Using Amazon EC2},
  year         = 2018,
  url          = {https://docs.aws.amazon.com/AWSEC2/latest/UserGuide/ec2-key-pairs.html#having-ec2-create-your-key-pair}
}

@Misc{hid-sp18-521-emrlaunch,
  author       = {{AWS}},
  howpublished = {Web Page},
  month        = mar,
  title        = {Launch Sample EMR Cluster},
  year         = 2018,
  url          = {https://docs.aws.amazon.com/emr/latest/ManagementGuide/emr-gs-launch-sample-cluster.html}
}

@Misc{hid-sp18-521-emrprocess,
  author       = {{AWS}},
  howpublished = {Web Page},
  month        = mar,
  title        = {Process Your Sample Data},
  year         = 2018,
  url          = {https://docs.aws.amazon.com/emr/latest/ManagementGuide/emr-gs-process-sample-data.html}
}

@Misc{hid-sp18-521-emrreset,
  author       = {{AWS}},
  howpublished = {Web Page},
  month        = mar,
  title        = {Reset Your Environment},
  year         = 2018,
  url          = {https://docs.aws.amazon.com/emr/latest/ManagementGuide/emr-gs-reset-environment.html}
}

@Misc{hid-sp18-521-prereq,
  author       = {{AWS}},
  howpublished = {Web Page},
  month        = mar,
  title        = {Setup Prerequsites for Your Cluster},
  year         = 2018,
  url          = {https://docs.aws.amazon.com/emr/latest/ManagementGuide/emr-gs-prerequisites.html}
}

@Misc{hid-sp18-521-s3bucket,
  author       = {{AWS}},
  howpublished = {Web Page},
  month        = mar,
  title        = {How Do I Create An S3 Bucket?},
  year         = 2018,
  url          = {https://docs.aws.amazon.com/AmazonS3/latest/user-guide/create-bucket.html}
}

@Misc{hivemq-details,
  author       = {{Hive MQ}},
  howpublished = {Web Page},
  month        = nov,
  title        = {MQTT Essentials Part 2: Publish \& Subscribe},
  year         = 2017,
  url          = {https://www.hivemq.com/blog/mqtt-essentials-part2-publish-subscribe}
}

@Misc{hivemq-qos,
  author       = {{Hive MQ}},
  howpublished = {Web Page},
  month        = nov,
  title        = {MQTT Essentials Part 6: Quality of Service 0, 1 and 2},
  year         = 2017,
  url          = {https://www.hivemq.com/blog/mqtt-essentials-part-6-mqtt-quality-of-service-levels}
}

@Misc{hivemq-security-oauth,
  author       = {{Hive MQ}},
  howpublished = {Web Page},
  month        = nov,
  title        = {MQTT Security Fundamentals: OAuth 2.0 and MQTT},
  year         = 2017,
  url          = {https://www.hivemq.com/blog/mqtt-security-fundamentals-oauth-2-0-mqtt}
}

@Misc{hivemq-website,
  author       = {{The HiveMQ Team}},
  howpublished = {Web Page},
  month        = nov,
  title        = {Introducing the MQTT Protocol - MQTT Essentials: Part 1},
  year         = 2017,
  url          = {https://www.hivemq.com/blog/mqtt-essentials-part-1-introducing-mqtt}
}

@Misc{how-mqtt-works,
  author       = {{Random nerds tutorial}},
  howpublished = {Web Page},
  month        = nov,
  title        = {What is MQTT and How It Works},
  year         = 2017,
  url          = {https://randomnerdtutorials.com/what-is-mqtt-and-how-it-works/}
}

@Misc{ibm-mqtt-security,
  author       = {Craggs, Ian},
  howpublished = {Web Page},
  month        = mar,
  title        = {MQTT security: Who are you? Can you prove it? What can you do?},
  year         = 2017,
  url          = {https://www.ibm.com/developerworks/community/blogs/c565c720-fe84-4f63-873f-607d87787327/entry/mqtt_security?lang=en}
}

@Misc{influxdata-iot-monitoring-mqtt,
  author       = {{Influx Data}},
  howpublished = {Web Page},
  month        = nov,
  title        = {Monitoring IoT Devices Using MQTT},
  year         = 2017,
  url          = {https://www.influxdata.com/integration/mqtt-monitoring/}
}

@Misc{iot-design-mqtt-security,
  author       = {Ouska, Todd},
  howpublished = {Web Page},
  month        = feb,
  title        = {Transport-level security tradeoffs using MQTT},
  year         = 2016,
  url          = {http://iotdesign.embedded-computing.com/guest-blogs/transport-level-security-tradeoffs-using-mqtt/}
}

@Misc{kibana-mqtt-analysis,
  author       = {{Smart Factory}},
  howpublished = {Web Page},
  month        = may,
  title        = {MQTT and Kibana - Open source Graphs and Analysis for IoT},
  year         = 2016,
  url          = {https://smart-factory.net/mqtt-and-kibana-open-source-graphs-and-analysis-for-iot/}
}

@Misc{las-code-dispalydetect,
  author       = {Wang, Fugang and von Laszewski, Gregor},
  howpublished = {Code Repository},
  month        = may,
  title        = {displaydetect.py},
  year         = 2018,
  url          = {https://raw.githubusercontent.com/cloudmesh/cloudmesh.pi/master/displaydetect.py}
}

@InProceedings{las14cloudmeshmultiple,
  author    = {von Laszewski, Gregor and Wang, Fugang and Lee, Hyungro and Chen, Heng and Fox, Geoffrey C.},
  booktitle = {Proceedings of the 2014 ACM International Workshop on Software-defined Ecosystems},
  title     = {{Accessing Multiple Clouds with Cloudmesh}},
  year      = 2014,
  address   = {New York, NY, USA},
  pages     = {21--28},
  publisher = {ACM},
  series    = {BigSystem '14},
  doi       = {10.1145/2609441.2609638},
  isbn      = {978-1-4503-2909-5},
  keywords  = {cloud computing},
  location  = {Vancouver, BC, Canada},
  url       = {https://github.com/cyberaide/paper-cloudmesh/raw/master/vonLaszewski-cloudmesh.pdf}
}

@Misc{mqtt-elasticsearch-setup,
  author       = {{Smart Factory}},
  howpublished = {Web Page},
  month        = oct,
  title        = {Storing IoT data using open source. MQTT and ElasticSearch - Tutorial},
  year         = 2016,
  timestamp    = {2017.11.05},
  url          = {https://smart-factory.net/mqtt-elasticsearch-setup/}
}

@Misc{mqtt-kibana-plumbery,
  author       = {{Plumbery}},
  howpublished = {Web Page},
  month        = mar,
  title        = {Swarm of IP pingers coordinated with MQTT and reported in Kibana},
  year         = 2017,
  url          = {http://plumbery.readthedocs.io/en/latest/tutorial.mqtt.pinger.swarm.html}
}

@Misc{mqtt-official,
  author       = {{Mqtt}},
  howpublished = {mqtt official website},
  month        = nov,
  title        = {Mqtt official website},
  year         = 2017,
  url          = {http://mqtt.org/}
}

@Misc{mqtt-sec-ssl,
  author       = {{Hive MQ}},
  howpublished = {Web Page},
  month        = nov,
  title        = {MQTT Security Fundamentals: TLS / SSL},
  year         = 2017,
  url          = {https://www.hivemq.com/blog/mqtt-security-fundamentals-tls-ssl}
}

@Misc{microsoft-first-datacenter,
  author       = {{Microsoft}},
  howpublished = {Web Page},
  month        = aug,
  title        = {Microsoft Leona Philpot},
  year         = 2019,
  url          = {https://news.microsoft.com/features/microsoft-research-project-puts-cloud-in-ocean-for-the-first-time/}
}

@Misc{mqtt-vs-http,
  author       = {Caponetti, Paul},
  howpublished = {Blog},
  month        = aug,
  title        = {Why MQTT is the Protocol of Choice for the IoT},
  year         = 2017,
  url          = {http://blog.xively.com/why-mqtt-is-the-protocol-of-choice-for-the-iot/}
}

@Misc{mqtt-wiki,
  author       = {{} and {Wikipedia}},
  howpublished = {Web Page},
  month        = nov,
  title        = {MQTT},
  year         = 2017,
  url          = {https://en.wikipedia.org/w/index.php?title=MQTT&oldid=808683219}
}

@Misc{python-paho-mqtt,
  author       = {Eclipse Paho},
  howpublished = {Web Page},
  month        = nov,
  title        = {Python Client - documentation},
  year         = 2017,
  url          = {https://www.eclipse.org/paho/clients/python/docs/}
}

@Misc{www-nist-bdra,
  month =	 aug,
  year =	 2019,
  title =	 {NIST Big Data Public Working Group},
  url =		 {https://bigdatawg.nist.gov/},
  author =	 {{National Institute of Standars}}
}

@Comment{jabref-meta: databaseType:bibtex;}
