% Encoding: UTF-8

@Misc{scikitlearn-kmeans,
  author       = {{scikit-learn developers }},
  howpublished = {Web Page},
  url          = {https://scikit-learn.org/stable/modules/generated/sklearn.cluster.KMeans.html}
}

@Misc{oai-spec,
  author       = {{OpenAPI Initiative}},
  howpublished = {Web Page},
  title        = {The OpenAPI Specification},
  url          = {https://github.com/OAI/OpenAPI-Specification}
}

@Misc{swagger2spec,
  author       = {{OpenAPI Initiative}},
  howpublished = {Web Page},
  title        = {The OpenAPI Specification},
  url          = {https://github.com/OAI/OpenAPI-Specification/blob/master/versions/2.0.md}
}

@Misc{oai-docs,
  author       = {{OpenAPI Initiative}},
  howpublished = {Web Page},
  title        = {The OpenAPI Docs},
  url          = {https://swagger.io/docs/specification/about/}
}

@Misc{oai3-spec,
  author       = {{OpenAPI Initiative}},
  howpublished = {Web Page},
  month        = July,
  title        = {Announcing the Official Release of OpenAPI 3.0},
  year         = 2017,
  url          = {https://swagger.io/blog/news/announcing-openapi-3-0/}
}

@Misc{swagger-editor,
  author       = {{SmartBear Software}},
  howpublished = {Web Page},
  title        = {Swagger Editor Documentation},
  url          = {https://swagger.io/docs/open-source-tools/swagger-editor/}
}

@Misc{swagger-ui,
  author       = {{SmartBear Software}},
  howpublished = {Web Page},
  title        = {Swagger UI},
  url          = {https://swagger.io/docs/open-source-tools/swagger-ui/usage/installation/}
}

@Misc{swagger-codegen,
  author       = {{SmartBear Software}},
  howpublished = {Web Page},
  title        = {Swagger Codegen Documentation},
  url          = {https://swagger.io/docs/open-source-tools/swagger-codegen/}
}

@Misc{raml-spec,
  author       = {{RAML}},
  howpublished = {Web Page},
  title        = {RAML Version 1.0: RESTful API Modeling Language},
  url          = {https://github.com/raml-org/raml-spec/blob/master/versions/raml-10/raml-10.md}
}

@Misc{tinyspec,
  author       = {{tinyspec}},
  howpublished = {Web Page},
  title        = {tinyspec},
  url          = {https://github.com/Ajaxy/tinyspec}
}

@Misc{raml_spec_1,
  author       = {{RAML}},
  howpublished = {Web Page},
  title        = {RAML},
  url          = {https://raml.org/}
}

@Misc{jsonapi,
  author       = {{Yehuda Katz}},
  howpublished = {Web Page},
  title        = {JSON:API},
  url          = {https://jsonapi.org/}
}

@Misc{connexion,
  author       = {{Zalando SE}},
  howpublished = {Web Page},
  title        = {Connexion},
  url          = {https://github.com/zalando/connexion}
}

@Misc{apiblue-spec,
  author       = {{api blueprint}},
  howpublished = {Web Page},
  title        = {API Blueprint. A powerful high-level API description language for web APIs},
  url          = {https://apiblueprint.org/}
}

@Book{fielding2000architectural,
  author    = {Fielding, Roy T and Taylor, Richard N},
  publisher = {University of California, Irvine Doctoral dissertation},
  title     = {Architectural styles and the design of network-based software architectures},
  year      = 2000,
  volume    = {7},
}

@Misc{restwiki,
  author       = {Wikipedia},
  howpublished = {Web Page},
  title        = {Representational state transfer},
  year         = 2019,
  url          = {https://en.wikipedia.org/wiki/Representational_state_transfer}
}

@Misc{swagger,
  author       = {{SmartBear Software}},
  howpublished = {Web Page},
  title        = {API Development for Everyone},
  url          = {https://swagger.io}
}

@Misc{openapitools,
  author       = {{APIs You Won't Hate}},
  howpublished = {Web Page},
  title        = {OpenAPI.Tools},
  url          = {https://openapi.tools/}
}

@Misc{flaskrestful,
  author       = {Burke, Kevin and Conroy, Kyle and Horn, Ryan and Stratton, Frank and Binet, Guillaume},
  howpublished = {Web Page},
  title        = {Flask-RESTful},
  url          = {https://flask-restful.readthedocs.io/en/latest/}
}

@Misc{djangorest,
  author       = {{Encode OSS Ltd}},
  howpublished = {Web Page},
  title        = {Django REST framework},
  url          = {https://www.django-rest-framework.org/}
}

@Comment{jabref-meta: databaseType:bibtex;}
