% Encoding: UTF-8

@Misc{scala-type-hierarchy,
  author       = {École Polytechnique Fédérale},
  howpublished = {Web Page},
  month        = feb,
  title        = {unified-types},
  year         = 2019,
  url          = {https://docs.scala-lang.org/tour/unified-types.html}
}

@InProceedings{artho2015domain,
  author       = {Artho, Cyrille and Havelund, Klaus and Kumar, Rahul and Yamagata, Yoriyuki},
  booktitle    = {International Conference on Formal Engineering Methods},
  title        = {Domain-specific languages with scala},
  year         = 2015,
  organization = {Springer},
  pages        = {1--16}
}

@Comment{jabref-meta: databaseType:bibtex;}
