% Encoding: UTF-8

@Misc{www-accenture-insight-industrial,
  author       = {{Accenture}},
  howpublished = {Web Page},
  month        = oct,
  title        = {winning with the industrial internet of things},
  year         = 2018,
  url          = {https://www.accenture.com/us-en/insight-industrial-internet-of-things}
}

@Misc{www-predix-ge-Industrial,
  author       = {{GE digital}},
  howpublished = {Web Page},
  month        = oct,
  title        = {no unplanned downtime},
  year         = 2015,
  url          = {https://www.predix.com/ge-industrial-internet-infographic}
}

@Misc{www-getransportation-digital,
  author       = {{GE transportation}},
  howpublished = {Web Page},
  title        = {driving the digital transformation of transportation},
  year         = 2016,
  url          = {http://www.getransportation.com/digital-solutions}
}

@Comment{jabref-meta: databaseType:bibtex;}
