% Encoding: UTF-8

@Misc{www-apachespark,
  author       = {{Apache Spark}},
  howpublished = {Web Page},
  note         = {Accessed: April 17, 2019},
  title        = {Apache Spark - Unified Analytics Engine for Big Data},
  year         = 2019,
  url          = {https://spark.apache.org/}
}

@Misc{www-apachesparkhistory,
  author       = {{Apache Spark}},
  howpublished = {Web Page},
  note         = {Accessed: April 17, 2019},
  title        = {Apache Spark History},
  year         = 2019,
  url          = {https://spark.apache.org/history.html}
}

@Misc{www-sparkarch,
  author       = {Laskowski, Jacek},
  howpublished = {Web Page},
  title        = {Spark Architecture - The Internals of Apache Spark},
  year         = 2019,
  url          = {https://jaceklaskowski.gitbooks.io/mastering-apache-spark/spark-architecture.html},
}

@Misc{www-sparkoverview,
  author       = {{Apache Spark}},
  howpublished = {Web Page},
  title        = {Cluster Mode Overview - Spark 2.4.1 Documentation},
  year         = 2019,
  url          = {https://spark.apache.org/docs/latest/cluster-overview.html}
}

@Misc{www-sparkrdd,
  author       = {{tutorialspoint}},
  howpublished = {Web Page},
  month        = jul,
  title        = {Apache Spark RDD},
  year         = 2019,
  url          = {https://www.tutorialspoint.com/apache_spark/apache_spark_rdd.htm}
}

@Misc{www-apacheshuffle,
  author       = {{Apache Spark}},
  howpublished = {Web Page},
  month        = jul,
  title        = {RDD Programming Guide - Spark 2.4.3 Documentation},
  year         = 2019,
  url          = {https://spark.apache.org/docs/latest/rdd-programming-guide.html#shuffle-operations}
}

@Misc{www-sparkubuntu,
  author       = {Portilla, Jose Marcial},
  howpublished = {Web Page},
  month        = dec,
  title        = {Installing Scala and Spark on Ubuntu},
  year         = 2016,
  url          = {https://medium.com/@josemarcialportilla/installing-scala-and-spark-on-ubuntu-5665ee4b62b1}
}

@Misc{www-sparkosx,
  author       = {{TutorialKart}},
  howpublished = {Web Page},
  month        = aug,
  title        = {How to install latest Apache Spark on Mac OS},
  year         = 2018,
  url          = {https://www.tutorialkart.com/apache-spark/how-to-install-spark-on-mac-os/}
}

@Misc{www-sparkwindows,
  author       = {Galarnyk, Michael},
  howpublished = {Web Page},
  month        = apr,
  title        = {Install Spark on Windows (PySpark)},
  year         = 2017,
  url          = {https://medium.com/@GalarnykMichael/install-spark-on-windows-pyspark-4498a5d8d66c}
}

@Comment{jabref-meta: databaseType:bibtex;}
