% Encoding: UTF-8

@TechReport{baseball-physics-PITCHf,
  author      = {Fast, Mike},
  institution = {illinois university of urbana-champaign},
  title       = {What the Heck is PITCHf/x},
  year        = 2010,
  note        = {Hardball Times Baseball Annual 2010},
  url         = {http://baseball.physics.illinois.edu/FastPFXGuide.pdf}
}

@TechReport{baseball-physics-fieldfx,
  author      = {McSurley, Kate and Rybarczyk, Greg},
  institution = {illinois university of urbana-champaign},
  title       = {An Introduction to FIELDf/x},
  year        = 2011,
  url         = {http://baseball.physics.illinois.edu/FieldFX-TDR-GregR.pdf}
}

@Misc{battingleadoff-baseball-player,
  author       = {{Batting Leadoff}},
  howpublished = {Web Page},
  month        = aug,
  title        = {Coffee As Energizer of Baseball Players?},
  year         = 2018,
  url          = {http://battingleadoff.com/}
}

@Misc{gamesetmap,
  author       = {{GameSetMap}},
  howpublished = {Web Page},
  month        = nov,
  title        = {GameSetMap acquired by Golden Set Analytics},
  year         = 2017,
  url          = {http://gamesetmap.com/}
}

@InProceedings{ganeshapillai2014data,
  author    = {Ganeshapillai, Gartheeban and Guttag, John},
  booktitle = {Sport Analytics Conf},
  title     = {A data-driven method for in-game decision making in MLB},
  year      = 2014,
  editor    = {ESPN}
}

@Misc{grantland-mlb-bob-bowman,
  author       = {Keri, Jonah},
  howpublished = {Web Page},
  month        = mar,
  title        = {Q\&A: MLB Advanced Mediaâ€™s Bob Bowman Discusses Revolutionary New Play-Tracking System},
  year         = 2014,
  url          = {http://grantland.com/the-triangle/mlb-advanced-media-play-tracking-bob-bowman-interview/}
}

@Misc{sloansportconference-goldsberry,
  author       = {Goldsberry, Kirk},
  howpublished = {Presentation},
  month        = feb,
  title        = {CourtVision: New Visual and Spatial Analytics for the NBA},
  year         = 2012,
  url          = {http://www.sloansportsconference.com/wp-content/uploads/2012/02/Goldsberry_Sloan_Submission.pdf}
}

@Misc{wikipedia-Sabermetrics,
  author       = {{Wikipedia}},
  howpublished = {Web Page},
  title        = {Sabermetrics},
  year         = 2018,
  url          = {https://en.wikipedia.org/wiki/Sabermetrics}
}

@Misc{www-autoscout-illinois-football-trajectory,
  author       = {{Advanced Digital Sciences Center}},
  howpublished = {Web Page},
  month        = oct,
  title        = {Football Trajectory Dataset - Interactive Digital Media: Semantic Analysis of Video},
  year         = 2018,
  url          = {http://autoscout.adsc.illinois.edu/publications/football-trajectory-dataset/}
}

@Misc{www-baseball-prospectus-spinning-yarn,
  author       = {Fast, Mike},
  howpublished = {Web Page},
  month        = mar,
  title        = {Spinning Yarn: How Accurate is PitchTrax},
  year         = 2011,
  url          = {https://www.baseballprospectus.com/news/article/13109/spinning-yarn-how-accurate-is-pitchtrax/}
}

@Misc{www-baseball-reference-war-explained-pitch,
  author       = {{Sports Reference LLC}},
  howpublished = {Web Page},
  month        = oct,
  title        = {pitcher war calculations and details},
  year         = 2018,
  url          = {https://www.baseball-reference.com/about/war_explained_pitch.shtml}
}

@Misc{www-baseball-reference-war-explained-position,
  author       = {{Sports Reference LLC}},
  howpublished = {Web Page},
  month        = oct,
  title        = {position player war calculations and details},
  year         = 2018,
  url          = {https://www.baseball-reference.com/about/war_explained_position.shtml}
}

@Misc{www-baseball-references-war-explained,
  author       = {{Sports Reference LLC}},
  howpublished = {Web Page},
  month        = oct,
  title        = {Baseball-Reference.com WAR Explained},
  year         = 2018,
  url          = {https://www.baseball-reference.com/about/war_explained.shtml}
}

@Misc{www-baseball-references-war-explained-comparison,
  author       = {{Sports Reference LLC}},
  howpublished = {Web Page},
  month        = oct,
  title        = {war cpmparison chart},
  year         = 2018,
  url          = {https://www.baseball-reference.com/about/war_explained_comparison.shtml}
}

@Misc{www-deadspin-field-tracking-syste,
  author       = {Wagner, Kyle},
  howpublished = {Web Page},
  month        = mar,
  title        = {MLB Announces Revolutionary New Fielding-Tracking System},
  year         = 2014,
  url          = {https://deadspin.com/mlb-announces-revolutionary-new-fielding-tracking-syste-1534200504}
}

@Misc{www-fangraphs-leaders-pose-qual,
  author       = {{FANGRAPHS}},
  howpublished = {Web Page},
  month        = oct,
  title        = {2018 Fans' Scouting Report},
  year         = 2018,
  url          = {https://www.fangraphs.com/leaders.aspxpos=all&stats=bat&lg=all&qual=y&type=8&season=2014&month=0&season1=1871&ind=0}
}

@Misc{www-fangraphs-library-war,
  author       = {{FANGRAPHS}},
  howpublished = {Web Page},
  month        = oct,
  title        = {what is war},
  year         = 2018,
  url          = {https://www.fangraphs.com/library/misc/war/}
}

@Misc{www-fangraphs-offensive-statistics,
  author       = {{FANGRAPHS}},
  howpublished = {Web Page},
  month        = oct,
  title        = {Complete List (Offense)},
  year         = 2018,
  url          = {https://www.fangraphs.com/library/offense/offensive-statistics-list/}
}

@Misc{www-fangraphs-fip,
  author =	 {{FANGRAPHS}},
  title =	 {FIP},
  howpublished = {Web Page},
  month =	 oct,
  year =	 2018,
  url =		 {https://www.fangraphs.com/library/pitching/fip/}
}

@Misc{www-mlb-mlbam-new-way-play,
  author       = {Newman, Mark},
  howpublished = {Web Page},
  month        = mar,
  title        = {MLBAM introduces new way to analyze every play},
  year         = 2014,
  url          = {https://www.mlb.com/news/mlbam-introduces-new-way-to-analyze-every-play/c-68514514}
}

@Misc{www-sabr,
  author       = {{SABR}},
  howpublished = {Web Page},
  month        = oct,
  title        = {Society for American Baseball Research},
  year         = 2018,
  url          = {https://sabr.org/}
}

@Misc{www-slideshare-elew-sport-analytics,
  author       = {Lewallen, Eric},
  howpublished = {Web Page},
  month        = dec,
  title        = {Sport Analytics Innovation Summit},
  year         = 2013,
  url          = {https://www.slideshare.net/elew/sport-analytics-innovation}
}

@Misc{www-slideshare-sports-datapowered,
  author       = {Santos, Nuno},
  howpublished = {Web Page},
  month        = sep,
  title        = {Sports Analytics Innovation Summit - Data Powered Storytelling},
  year         = 2013,
  url          = {https://www.slideshare.net/BrandEmotivity/sports-analytics-innovation-summit-data-powered-storytelling}
}

@Misc{www-slideshare-tricon-infotech,
  author       = {{Tricon Infotech}},
  howpublished = {Web Page},
  month        = aug,
  title        = {big data for big sports},
  year         = 2014,
  url          = {https://www.slideshare.net/Tricon_Infotech/big-data-for-big-sports}
}

@Misc{www-sloansportsconference-automated-playbook,
  author       = {Varadarajan, Jagannadan},
  howpublished = {Presentation},
  month        = jun,
  title        = {Automated Playbook Generation in Football through Videos},
  year         = 2014,
  url          = {http://www.sloansportsconference.com/wp-content/uploads/2014/06/Automated_Playbook_Generation.pdf}
}

@Misc{www-sloansportsconferences,
  author       = {{ESPN}},
  howpublished = {Web Page},
  month        = mar,
  title        = {MIT Sloan Sports Analytics Conference},
  year         = 2019,
  url          = {http://www.sloansportsconference.com/}
}

@Misc{www-vincegennaro-mlblogs,
  author       = {{MLB Advanced Media}},
  howpublished = {Web Page},
  month        = mar,
  title        = {Opening Day, Mike Trout and 2014 Season Expectations},
  year         = 2014,
  url          = {http://vincegennaro.mlblogs.com/}
}

@Misc{www-wiki-coefficient-of-determination,
  author       = {{Wikipedia}},
  howpublished = {Web Page},
  month        = sep,
  title        = {coefficient of determination},
  year         = 2018,
  url          = {https://en.wikipedia.org/wiki/coefficient_of_determination}
}

@Misc{www-wiki-component-era,
  author       = {{Wikipedia}},
  howpublished = {Web Page},
  month        = dec,
  title        = {component ERA},
  year         = 2016,
  url          = {https://en.wikipedia.org/wiki/Component_ERA}
}

@Misc{www-wiki-wins-above-replacement,
  author       = {{Wikipedia}},
  howpublished = {Web Page},
  month        = sep,
  title        = {wins above replacement},
  year         = 2016,
  url          = {https://en.wikipedia.org/wiki/Wins_Above_Replacement}
}

@Misc{www-wikipedia-baseball-statistics,
  author =	 {{Wikipedia}},
  title =	 {Baseball statistics},
  howpublished = {Web Page},
  month =	 oct,
  year =	 2018,
  url =		 {https://en.wikipedia.org/wiki/Baseball_statistics}
}

@Misc{www-wired-smartball,
  author       = {Beckham, Jeff},
  howpublished = {Web Page},
  month        = feb,
  title        = {SmartBall Keeps an Eye Inside the Ball},
  year         = 2013,
  url          = {https://www.wired.com/2013/02/catapault-smartball/}
}

@Misc{www-youtube-science-home-run,
  author = {Andres, Andy},
  month  = apr,
  title  = {The Science of a Home Run: Andy Andres at TEDxYouth@BeaconStreet},
  year   = 2013,
  url    = {https://www.youtube.com/watch?v=YkjtnuNmK74}
}

@Misc{www-youtube-SABR43,
  author       = {Gennaro, Vince},
  howpublished = {Web Page},
  month        = sep,
  title        = {Analyzing Batter Performance Against Pitcher Clusters},
  year         = 2013,
  url          = {https://www.youtube.com/watch?v=H-kx-x_d0Mk}
}

@Comment{jabref-meta: databaseType:bibtex;}
