% Encoding: UTF-8

@Misc{diff-qemu,
  author       = {{Stackoverflow}},
  howpublished = {Forum Post},
  month        = sep,
  title        = {What are the differences between QEMU and VirtualBox?},
  year         = 2018,
  url          = {https://stackoverflow.com/questions/43704856/what-are-the-differences-between-qemu-and-virtualbox}
}

@Misc{iommu-1,
  author       = {{Wikipedia}},
  howpublished = {Web Page},
  month        = may,
  title        = {Input–output memory management unit},
  year         = 2019,
  url          = {https://en.wikipedia.org/wiki/Input%E2%80%93output_memory_management_unit}
}

@Misc{iommu-2,
  author       = {{Wikipedia}},
  howpublished = {Web Page},
  month        = jul,
  title        = {Input–output memory management unit},
  year         = 2019,
  url          = {https://en.wikipedia.org/wiki/X86_virtualization#I.2FO_MMU_virtualization_.28AMD-Vi_and_Intel_VT-d.29}
}

@Misc{kvmvsqemu,
  author       = {Guerrag, Javier},
  howpublished = {Forum Post},
  month        = dec,
  title        = {Difference between KVM and QEMU},
  year         = 2010,
  url          = {https://serverfault.com/questions/208693/difference-between-kvm-and-qemu}
}

@InBook{libvirt,
  author    = {{Suse}},
  chapter   = {Managing Virtual Machines with libvirt},
  publisher = {Suse},
  title     = {Virtualization with KVM},
  year      = 2016,
  month     = sep,
  booktitle = {Virtualization with KVM},
  url       = {https://www.suse.com/documentation/sles11/book_kvm/data/cha_libvirt_overview.html}
}

@Misc{paravsfull-virt,
  author       = {Bigelow, Stephen J.},
  howpublished = {Wegb page},
  month        = sep,
  title        = {Full virtualization vs. paravirtualization: What are the key differences?},
  year         = 2018,
  url          = {https://searchservervirtualization.techtarget.com/answer/Full-virtualization-vs-paravirtualization-What-are-the-key-differences}
}

@Misc{wikipedia-vmware,
  author       = {{Wikipedia}},
  howpublished = {Web Page},
  month        = sep,
  title        = {VMWare},
  year         = 2018,
  url          = {https://en.wikipedia.org/wiki/VMware}
}

@Misc{www-wine,
  author       = {{WineHQ}},
  howpublished = {Web Page},
  month        = sep,
  title        = {Wine -- Wine Is Not an Emulator},
  year         = 2018,
  url          = {https://www.winehq.org/}
}

@Comment{jabref-meta: databaseType:bibtex;}
