% Encoding: UTF-8

@InProceedings{meeker2013kpcb,
  author    = {Meeker, Mary and Wu, Liang},
  booktitle = {Internet Trends D11 Conference},
  title     = {Kpcb internet trends 2013},
  year      = 2013,
  editor    = {Kleiner Perkins}
}

@Misc{webcourse-winter2011-2012,
  author       = {{Israel Institute of Technology}},
  howpublished = {Web Page},
  title        = {introduction to search engine technology-236621},
  year         = 2012,
  url          = {https://webcourse.cs.technion.ac.il/236621/Winter2011-2012/en/ho_Lectures.html}
}

@Misc{www-youtube-soic-data-science,
  author       = {Fox, Geoffrey},
  howpublished = {Web Page},
  month        = feb,
  title        = {Big Data Course Spring Unit 25 Lesson 4: Key Fundamental Principles behind Web Search},
  year         = 2014,
  url          = {https://www.youtube.com/watch?v=yPFi6xFnDHE}
}

@InProceedings{guillaume2002web,
  author    = {Guillaume, Jean-Loup and Latapy, Matthieu},
  booktitle = {Actes d'ALGOTEL'02 (Quatri{\`e}mes Rencontres Francophones sur les aspects Algorithmiques des T{\'e}l{\'e}communications)},
  title     = {The Web graph: an overview},
  year      = 2002,
  editor    = {CCSD}
}

@Article{liu2012constructing,
  author  = {Liu, Yiqun and Xue, Yufei and Xu, Danqing and Cen, Rongwei and Zhang, Min and Ma, Shaoping and Ru, Liyun},
  journal = {Decision Support Systems},
  title   = {Constructing a reliable Web graph with information on browsing behavior},
  year    = 2012,
  number  = {1},
  pages   = {390--401},
  volume  = {54}
}

@Misc{www-ifis-teaching-ss-11,
  author       = {Balke, Wolf-Tilo},
  howpublished = {Web Page},
  month        = apr,
  title        = {Lecture “Information Retrieval and Web Search Engines” (SS 2011)},
  year         = 2011,
  url          = {http://www.ifis.cs.tu-bs.de/teaching/ss-11/irws}
}

@Misc{wikipedia-pagerank,
  author       = {{Wikimedia Foundation, Inc.}},
  howpublished = {Web Page},
  month        = oct,
  title        = {PageRank},
  year         = 2018,
  url          = {https://en.wikipedia.org/wiki/PageRank}
}

@InProceedings{meeker2013kpcb,
  author    = {Meeker, Mary and Wu, Liang},
  booktitle = {Internet Trends D11 Conference},
  title     = {Kpcb internet trends 2013},
  year      = 2013,
  editor    = {Kleiner Perkins}
}

@Comment{jabref-meta: databaseType:bibtex;}
