 @misc{apache:mapreduce,
   author = "MapReduce Tutorial",
   title ="\url{http://hadoop.apache.org/docs/stable/mapred_tutorial.html}"
 }
 
 
  @misc{HBase,
   author = "HBase official website",
   title ="\url{http://hbase.apache.org/}"
 }
 
   @misc{Clueweb09,
   author = "Clueweb09 dataset",
   title ="\url{http://lemurproject.org/clueweb09/}"
 }
 
    @misc{hbaseexample,
   author = "HBase MapReduce Examples",
   title ="\url{http://hbase.apache.org/book/mapreduce.example.html}"
 }
 
 
     @misc{hadoopwordcount,
   author = "Hadoop WordCount",
   title ="\url{http://salsahpc.indiana.edu/csci-b649-spring-2014/projects/project1.html}"
 } 
 