% Encoding: UTF-8

@Misc{kubernetes_pods2020-sp20-516-237,
  author       = {kubernetes_pods},
  title        = {{Pod Overview - Kubernetes}},
  howpublished = {Web page},
  month        = feb,
  year         = {2020},
  url          = {https://kubernetes.io/docs/concepts/workloads/pods/pod-overview/},
}

@Misc{kubernetes_scheduler2020-sp20-516-237,
  author       = {kubernetes_scheduler},
  title        = {{Kubernetes Scheduler}},
  howpublished = {Web page},
  month        = feb,
  year         = {2020},
  url          = {https://kubernetes.io/docs/concepts/scheduling/kube-scheduler/},
}

@Misc{kubernetes_assignpod2020-sp20-516-237,
  author       = {kubernetes_assignpod},
  title        = {{Assigning Pods to Nodes}},
  howpublished = {Web page},
  month        = feb,
  year         = {2020},
  url          = {https://kubernetes.io/docs/concepts/configuration/assign-pod-node/},
}

@Misc{Goltsman2019-sp20-516-237,
  author       = {Goltsman, Kirill},
  title        = {{Learn How to Assign Pods to Nodes in Kubernetes Using nodeSelector and Affinity Features}},
  howpublished = {Web page},
  month        = feb,
  year         = {2019},
  url          = {https://medium.com/kubernetes-tutorials/learn-how-to-assign-pods-to-nodes-in-kubernetes-using-nodeselector-and-affinity-features-e62c437f3cf8},
}

@Misc{kubernetes_poddiag2020-sp20-516-237,
  author       = {kubernetes_poddiag},
  title        = {{Viewing Pods and Nodes}},
  howpublished = {Web page},
  month        = feb,
  year         = {2020},
  url          = {https://kubernetes.io/docs/tutorials/kubernetes-basics/explore/explore-intro/},
}

@Misc{KubeAdvShedule-sp20-516-232,
  title =	 {Advanced Scheduling in Kubernetes},
  organization = {The Linux Foundation},
  howpublished = {Web page},
  year =	 {2020},
  url = {https://kubernetes.io/blog/2017/03/advanced-scheduling-in-kubernetes/}
}
@Misc{KubeShedule-sp20-516-232,
  title =	 {The Kubernetes Scheduler},
  organization = {medium},
  howpublished = {Web page},
  url = {https://medium.com/@dominik.tornow/the-kubernetes-scheduler-cd429abac02f}
}
@Misc{KubeImplAdvShedule-sp20-516-232,
  title =	 {Implementing Advanced Scheduling Techniques with Kubernetes},
  organization = {thenewstack.io},
  howpublished = {Web page},
  url = {https://thenewstack.io/implementing-advanced-scheduling-techniques-with-kubernetes}
}

@Comment{jabref-meta: databaseType:bibtex;}
