@Misc{sp20-516-246-AIServ,
  OPTkey = 	 {},
  OPTauthor = 	 {Hummel, Gary; Cook, Jeremy},
  OPTtitle = 	 {A Comparison of Machine Learning Services on AWS, Azure, and Google Cloud},
  OPThowpublished = {Web page},
  OPTmonth = 	 aug,
  OPTyear = 	 {2018},
  OPTurl = {https://cloudacademy.com/blog/what-are-the-benefits-of-machine-learning-in-the-cloud/}
}

@Misc{sp20-516-246-AIRise,
  OPTkey = 	 {},
  OPTauthor = 	 {MSV, Janakiram},
  OPTtitle = 	 {The Rise Of Artificial Intelligence As A Service In The Public Cloud},
  OPThowpublished = {Web page},
  OPTmonth = 	 feb,
  OPTyear = 	 {2018},
  OPTurl =       {https://www.forbes.com/sites/janakirammsv/2018/02/22/the-rise-of-artificial-intelligence-as-a-service-in-the-public-cloud/#33f15ca3198e}
}

@Misc{sp20-516-246-AICloudMeet,
  OPTkey = 	 {},
  OPTauthor = 	 {Harvey, Cynthia},
  OPTtitle = 	 {AI in the Cloud Boosts Cloud PerformanceArtificial Intelligence as a Service: AI Meets the Cloud},
  OPThowpublished = {Web page},
  OPTmonth = 	 mar,
  OPTyear = 	 {2018},
  OPTurl = 	 {https://www.datamation.com/cloud-computing/artificial-intelligence-as-a-service-ai-meets-the-cloud.html}
}


@Misc{sp20-516-246-AICloudBoost,
  OPTkey = 	 {},
  OPTauthor = 	 {Harvey, Cynthia},
  OPTtitle = 	 {AI in the Cloud Boosts Cloud Performance},
  OPThowpublished = {Web page},
  OPTmonth = 	 jan,
  OPTyear = 	 {2018},
  OPTurl = 	 {https://www.datamation.com/cloud-computing/ai-in-the-cloud-boosts-cloud-performance.html}
}

@Misc{sp20-516-246-TopCloud,
  OPTkey = 	 {},
  OPTauthor = 	 {Patrizio, Andy},
  OPTtitle = 	 {The Top Cloud-Based AI Services},
  OPThowpublished = {Web page},
  OPTmonth = 	 sep,
  OPTyear = 	 {2018},
  OPTurl = 	 {https://www.datamation.com/artificial-intelligence/the-top-cloud-based-ai-services.html}
}

@Misc{sp20-516-246-AI-cloud-vendors,
      author={{Tobias Bohnhoff}},
      title={Machine Learning as a Service — The Top Cloud Platform and AI Vendors},
      url={https://medium.com/appanion/machine-learning-as-a-service-the-top-cloud-platform-and-ai-vendors-2df45d51374d},
      howpublished={Web Page},
      month=February,
      year=2019
    }
    
@Misc{sp20-516-246-pricing,
      author={{Laura Bernheim}},
      title={AWS vs. Azure vs. Google Cloud vs. Cheaper Alternatives - 2020},
      url={https://www.hostingadvice.com/how-to/aws-azure-google-cloud-alternatives/#faqs},
      howpublished={Web Page},
      month=August,
      year=2019
    }
        
@Misc{sp20-516-246-challenges,
      author={{Sam Mire}},
      title={What Are The Challenges To AI Adoption In Cloud Computing? 9 Experts Share Their Insights},
      url={https://www.disruptordaily.com/challenges-ai-cloud-computing/},
      howpublished={Web Page},
      month=September,
      year=2019
    }
            
@Misc{sp20-516-246-challenges2,
      author={{Paul Sallomi}},
      title={Artificial intelligence: From expert-only to everywhere},
      url={https://www2.deloitte.com/us/en/insights/industry/technology/technology-media-and-telecom-predictions/cloud-based-artificial-intelligence.html},
      howpublished={Web Page},
      month=December,
      year=2018
    }
                
@Misc{sp20-516-246-fuel,
      author={{Technology.org}},
      title={Cloud-based AI Market Poised for Ten-fold Growth},
      url={https://www.technology.org/2018/03/28/cloud-based-ai-market-poised-for-ten-fold-growth/},
      howpublished={Web Page},
      month=March,
      year=2018
    }
               
@Misc{sp20-516-246-cloud2020,
      author={{Deloitte}},
      title={What to expect in 2020 around cloud},
      url={https://www2.deloitte.com/content/dam/Deloitte/us/Documents/process-and-operations/us-what-to-expect-in-2020-around-cloud.pdf},
      howpublished={PDF},
      month=February,
      year=2020
    }
               
@Misc{sp20-516-246-facialrecognition,
      author={{Lily Kuo}},
      title={China brings in mandatory facial recognition for mobile phone users},
      url={https://www.theguardian.com/world/2019/dec/02/china-brings-in-mandatory-facial-recognition-for-mobile-phone-users},
      howpublished={web page},
      month=December,
      year=2019
    }
               
@Misc{sp20-516-246-china,
      author={{Sarah O’Meara}},
      title={Will China lead the world in AI by 2030?},
      url={https://www.nature.com/articles/d41586-019-02360-7},
      howpublished={web page},
      month=August,
      year=2019
    }
                    
@Misc{sp20-516-246-multicloud,
      author={{CloudHealth by VMware}},
      title={Multicloud Advantages: Why Every Business Should Consider Adopting A Multicloud},
      url={https://www.cloudhealthtech.com/blog/multicloud-advantages-disadvantages},
      howpublished={web page},
      month=April,
      year=2019
    }
                    
@Misc{sp20-516-246-hybridcloud,
      author={{Hind Naser}},
      title={Advantages and Disadvantages of Deploying a Hybrid Cloud},
      url={https://vexxhost.com/blog/adv-disadv-of-hybrid-cloud/},
      howpublished={web page},
      month=January,
      year=2018
    } 
                        
@Misc{sp20-516-246-edge,
      author={{Wikipedia}},
      title={Edge computing},
      url={https://en.wikipedia.org/wiki/Edge_computing},
      howpublished={web page},
      month=January,
      year=2020
    } 
                    
@Misc{sp20-516-246-edge2,
      author={{Paul Miller}},
      title={What is edge computing?},
      url={https://www.theverge.com/circuitbreaker/2018/5/7/17327584/edge-computing-cloud-google-microsoft-apple-amazon},
      howpublished={web page},
      month=May,
      year=2018
    } 
                        
@Misc{sp20-516-246-edge3,
      author={{Keith Shaw}},
      title={What is edge computing and why it matters},
      url={https://www.networkworld.com/article/3224893/what-is-edge-computing-and-how-it-s-changing-the-network.html},
      howpublished={web page},
      month=November,
      year=2019
    } 
                    
@Misc{sp20-516-246-edge4,
      author={{Abhijit Sunil}},
      title={Predictions 2020: Edge Computing Makes The Leap},
      url={https://go.forrester.com/blogs/predictions-2020-edge-computing/},
      howpublished={web page},
      month=November,
      year=2019
    } 
