@inproceedings{sculley2010web,
  title={Web-scale k-means clustering},
  author={Sculley, David},
  booktitle={Proceedings of the 19th international conference on World wide web},
  pages={1177--1178},
  year={2010},
  organization={ACM}
}

 @misc{RCV1-v2,
   author = "David D. Lewis",
   title ="\url{http://jmlr.csail.mit.edu/papers/volume5/lewis04a/lyrl2004_rcv1v2_README.htm}"
 }



 @misc{Harp,
   author = "Indiana University",
   title ="\url{https://dsc-spidal.github.io/harp}"
 }


 @misc{Spark,
   author = "Apache",
   title ="\url{http://spark.apache.org}"
 }

 @misc{Flink,
   author = "Apache",
   title ="\url{https://flink.apache.org}"
 }