@misc{www.ibm.com,
   title={Apache MapReduce},
   url={https://www.ibm.com/analytics/hadoop/mapreduce}
}

@misc{en.wikipedia.org,
   title={MapReduce},
   url={https://en.wikipedia.org/wiki/MapReduce}
}

@misc{www.tutorialspoint.com,
   title={Hadoop MapReduce},
   url={https://www.tutorialspoint.com/hadoop/hadoop_mapreduce.htm}
}

@misc{www.edureka.co,
   title={Hadoop MapReduce},
   url={https://www.edureka.co/blog/mapreduce-tutorial/?utm_source=youtube&utm_campaign=mapreduce-tutorial-161216-wr&utm_medium=description}
}

@misc{www.quora.com,
   title={Hadoop and Spark},
   url={https://www.quora.com/What-is-the-difference-between-Hadoop-and-Spark}
}

@misc{data-flair.training,
   title={Apache Spark vs Hadoop Mapreduce},
   url={https://data-flair.training/blogs/apache-spark-vs-hadoop-mapreduce/}
}

@misc{www.youtube.com,
   title={Hadoop MapReduce},
   url={https://www.youtube.com/watch?v=SqvAaB3vK8U&list=WL&index=25&t=2547s}
}
